<?xml version="1.0" encoding="UTF-8"?>
<!DOCTYPE html PUBLIC "-//W3C//DTD XHTML 1.0 Transitional//EN"
    "http://www.w3.org/TR/xhtml1/DTD/xhtml1-transitional.dtd">
<html xmlns="http://www.w3.org/1999/xhtml" xml:lang="en" lang="en">
 <head>
  <title>
</title>
<meta http-equiv="Content-Type" content="text/html;charset=utf-8" />
  <meta name='ocr-system' content='tesseract 3.04.00' />
  <meta name='ocr-capabilities' content='ocr_page ocr_carea ocr_par ocr_line ocrx_word'/>
</head>
<body>
  <div class='ocr_page' id='page_1' title='image "./denominibusprop00koengoog_0010.png"; bbox 0 0 4358 5812; ppageno 0'>
   <div class='ocr_carea' id='block_1_1' title="bbox 1015 357 1163 422">
    <p class='ocr_par' dir='ltr' id='par_1_1' title="bbox 1015 357 1163 422">
     <span class='ocr_line' id='line_1_1' title="bbox 1015 357 1163 422; baseline 0 -18"><span class='ocrx_word' id='word_1_1' title='bbox 1015 357 1163 422; x_wconf 75' lang='lat'>...5-</span> 
     </span>
    </p>
   </div>
   <div class='ocr_carea' id='block_1_2' title="bbox 252 543 1918 2777">
    <p class='ocr_par' dir='ltr' id='par_1_2' title="bbox 263 543 1916 801">
     <span class='ocr_line' id='line_1_2' title="bbox 263 543 1916 631; baseline 0.004 -22"><span class='ocrx_word' id='word_1_2' title='bbox 263 546 325 610; x_wconf 91' lang='lat' dir='ltr'>nisi</span> <span class='ocrx_word' id='word_1_3' title='bbox 347 553 528 611; x_wconf 76' lang='lat' dir='ltr'>contortam</span> <span class='ocrx_word' id='word_1_4' title='bbox 549 552 583 608; x_wconf 89' lang='lat' dir='ltr'>et</span> <span class='ocrx_word' id='word_1_5' title='bbox 602 545 849 627; x_wconf 80' lang='lat' dir='ltr'>improbabilem</span> <span class='ocrx_word' id='word_1_6' title='bbox 871 543 991 628; x_wconf 88' lang='lat' dir='ltr'>cupias,</span> <span class='ocrx_word' id='word_1_7' title='bbox 1014 564 1144 628; x_wconf 89' lang='lat' dir='ltr'>prorsus</span> <span class='ocrx_word' id='word_1_8' title='bbox 1165 545 1400 629; x_wconf 87' lang='lat' dir='ltr'>desperandum</span> <span class='ocrx_word' id='word_1_9' title='bbox 1422 547 1473 611; x_wconf 89' lang='lat' dir='ltr'>sit.</span> <span class='ocrx_word' id='word_1_10' title='bbox 1518 548 1664 628; x_wconf 79' lang='lat' dir='ltr'>Accedit,</span> <span class='ocrx_word' id='word_1_11' title='bbox 1687 550 1773 631; x_wconf 91' lang='lat' dir='ltr'>quod</span> <span class='ocrx_word' id='word_1_12' title='bbox 1787 550 1916 616; x_wconf 90' lang='lat' dir='ltr'>nomina</span> 
     </span>
     <span class='ocr_line' id='line_1_3' title="bbox 263 629 1915 718; baseline 0.002 -21"><span class='ocrx_word' id='word_1_13' title='bbox 263 632 450 714; x_wconf 90' lang='lat' dir='ltr'>saepissime</span> <span class='ocrx_word' id='word_1_14' title='bbox 472 629 645 694; x_wconf 91' lang='lat' dir='ltr'>alibrariis</span> <span class='ocrx_word' id='word_1_15' title='bbox 668 637 820 714; x_wconf 89' lang='lat' dir='ltr'>corrupta</span> <span class='ocrx_word' id='word_1_16' title='bbox 840 638 922 697; x_wconf 90' lang='lat' dir='ltr'>sunt.</span> <span class='ocrx_word' id='word_1_17' title='bbox 968 630 1075 709; x_wconf 82' lang='lat' dir='ltr'>Quare</span> <span class='ocrx_word' id='word_1_18' title='bbox 1090 650 1194 714; x_wconf 90' lang='lat' dir='ltr'>paene</span> <span class='ocrx_word' id='word_1_19' title='bbox 1214 630 1304 695; x_wconf 91' lang='lat' dir='ltr'>nulla</span> <span class='ocrx_word' id='word_1_20' title='bbox 1323 639 1374 696; x_wconf 91' lang='lat' dir='ltr'>est</span> <span class='ocrx_word' id='word_1_21' title='bbox 1387 631 1506 714; x_wconf 83' lang='lat' dir='ltr'>fabula,</span> <span class='ocrx_word' id='word_1_22' title='bbox 1530 633 1606 715; x_wconf 91' lang='lat' dir='ltr'>quin</span> <span class='ocrx_word' id='word_1_23' title='bbox 1620 635 1759 716; x_wconf 88' lang='lat' dir='ltr'>nomina,</span> <span class='ocrx_word' id='word_1_24' title='bbox 1782 656 1915 718; x_wconf 89' lang='lat' dir='ltr'>quorum</span> 
     </span>
     <span class='ocr_line' id='line_1_4' title="bbox 264 717 841 801; baseline -0.002 -19"><span class='ocrx_word' id='word_1_25' title='bbox 264 717 354 782; x_wconf 92' lang='lat' dir='ltr'>notio</span> <span class='ocrx_word' id='word_1_26' title='bbox 374 717 528 801; x_wconf 87' lang='lat' dir='ltr'>impedita</span> <span class='ocrx_word' id='word_1_27' title='bbox 546 717 597 796; x_wconf 91' lang='lat' dir='ltr'>sit,</span> <span class='ocrx_word' id='word_1_28' title='bbox 620 717 794 781; x_wconf 88' lang='lat' dir='ltr'>contineat.</span> <span class='ocrx_word' id='word_1_29' title='bbox 839 756 841 761; x_wconf 94' lang='lat'>·</span> 
     </span>
    </p>

    <p class='ocr_par' dir='ltr' id='par_1_3' title="bbox 252 800 1918 2777">
     <span class='ocr_line' id='line_1_5' title="bbox 349 800 1918 889; baseline 0.003 -22"><span class='ocrx_word' id='word_1_30' title='bbox 349 803 439 882; x_wconf 85' lang='lat' dir='ltr'>Quae</span> <span class='ocrx_word' id='word_1_31' title='bbox 461 823 556 887; x_wconf 90' lang='lat' dir='ltr'>quum</span> <span class='ocrx_word' id='word_1_32' title='bbox 577 802 624 866; x_wconf 85' lang='lat' dir='ltr'>ita</span> <span class='ocrx_word' id='word_1_33' title='bbox 645 803 717 884; x_wconf 89' lang='lat' dir='ltr'>sint,</span> <span class='ocrx_word' id='word_1_34' title='bbox 738 800 941 882; x_wconf 88' lang='lat' dir='ltr'>Ritschelius,</span> <span class='ocrx_word' id='word_1_35' title='bbox 968 800 1284 885; x_wconf 85' lang='lat' dir='ltr'>intellegentissimus</span> <span class='ocrx_word' id='word_1_36' title='bbox 1306 802 1362 866; x_wconf 89' lang='lat' dir='ltr'>ille</span> <span class='ocrx_word' id='word_1_37' title='bbox 1385 804 1533 884; x_wconf 88' lang='lat' dir='ltr'>omnium,</span> <span class='ocrx_word' id='word_1_38' title='bbox 1563 824 1646 887; x_wconf 88' lang='lat' dir='ltr'>quae</span> <span class='ocrx_word' id='word_1_39' title='bbox 1667 806 1708 870; x_wconf 88' lang='lat' dir='ltr'>ad</span> <span class='ocrx_word' id='word_1_40' title='bbox 1730 814 1844 889; x_wconf 76' lang='lat' dir='ltr'>poetas</span> <span class='ocrx_word' id='word_1_41' title='bbox 1867 827 1918 872; x_wconf 91' lang='lat' dir='ltr'>co·</span> 
     </span>
     <span class='ocr_line' id='line_1_6' title="bbox 262 885 1915 975; baseline 0.003 -23"><span class='ocrx_word' id='word_1_42' title='bbox 262 889 362 954; x_wconf 87' lang='lat' dir='ltr'>mices</span> <span class='ocrx_word' id='word_1_43' title='bbox 384 888 502 953; x_wconf 91' lang='lat' dir='ltr'>latinos</span> <span class='ocrx_word' id='word_1_44' title='bbox 523 889 693 971; x_wconf 79' lang='lat' dir='ltr'>pertinent,</span> <span class='ocrx_word' id='word_1_45' title='bbox 719 889 789 952; x_wconf 90' lang='lat' dir='ltr'>Ind.</span> <span class='ocrx_word' id='word_1_46' title='bbox 810 887 910 953; x_wconf 88' lang='lat' dir='ltr'>schol.</span> <span class='ocrx_word' id='word_1_47' title='bbox 938 887 1040 951; x_wconf 88' lang='lat' dir='ltr'>Bonn.</span> <span class='ocrx_word' id='word_1_48' title='bbox 1066 885 1149 952; x_wconf 71' lang='lat'>1842</span> <span class='ocrx_word' id='word_1_49' title='bbox 1185 888 1366 953; x_wconf 89' lang='lat' dir='ltr'>etiamnunc</span> <span class='ocrx_word' id='word_1_50' title='bbox 1387 908 1453 952; x_wconf 91' lang='lat' dir='ltr'>non</span> <span class='ocrx_word' id='word_1_51' title='bbox 1474 888 1631 955; x_wconf 81' lang='lat' dir='ltr'>inutiliter</span> <span class='ocrx_word' id='word_1_52' title='bbox 1652 891 1693 956; x_wconf 90' lang='lat' dir='ltr'>de</span> <span class='ocrx_word' id='word_1_53' title='bbox 1715 893 1915 975; x_wconf 87' lang='lat' dir='ltr'>quorundam</span> 
     </span>
     <span class='ocr_line' id='line_1_7' title="bbox 262 971 1917 1059; baseline 0.003 -21"><span class='ocrx_word' id='word_1_54' title='bbox 262 976 423 1039; x_wconf 88' lang='lat' dir='ltr'>nominum</span> <span class='ocrx_word' id='word_1_55' title='bbox 444 974 497 1038; x_wconf 90' lang='lat' dir='ltr'>vel</span> <span class='ocrx_word' id='word_1_56' title='bbox 511 974 678 1039; x_wconf 90' lang='lat' dir='ltr'>notatione</span> <span class='ocrx_word' id='word_1_57' title='bbox 693 974 745 1038; x_wconf 90' lang='lat' dir='ltr'>vel</span> <span class='ocrx_word' id='word_1_58' title='bbox 760 984 895 1039; x_wconf 88' lang='lat' dir='ltr'>accentu</span> <span class='ocrx_word' id='word_1_59' title='bbox 910 971 964 1036; x_wconf 88' lang='lat' dir='ltr'>all.</span> <span class='ocrx_word' id='word_1_60' title='bbox 987 972 1099 1055; x_wconf 90' lang='lat' dir='ltr'>quaeri</span> <span class='ocrx_word' id='word_1_61' title='bbox 1113 992 1209 1056; x_wconf 91' lang='lat' dir='ltr'>posse</span> <span class='ocrx_word' id='word_1_62' title='bbox 1225 973 1428 1038; x_wconf 83' lang='lat' dir='ltr'>existimavit</span> <span class='ocrx_word' id='word_1_63' title='bbox 1438 975 1465 1057; x_wconf 82' lang='lat'>¹)</span> <span class='ocrx_word' id='word_1_64' title='bbox 1509 973 1604 1057; x_wconf 76' lang='lat' dir='ltr'>Cujus</span> <span class='ocrx_word' id='word_1_65' title='bbox 1619 978 1825 1059; x_wconf 77' lang='lat' dir='ltr'>quaestiones</span> <span class='ocrx_word' id='word_1_66' title='bbox 1841 998 1917 1043; x_wconf 84' lang='lat' dir='ltr'>ono</span> 
     </span>
     <span class='ocr_line' id='line_1_8' title="bbox 263 1058 1915 1146; baseline 0.002 -22"><span class='ocrx_word' id='word_1_67' title='bbox 263 1061 477 1143; x_wconf 83' lang='lat' dir='ltr'>matologicae</span> <span class='ocrx_word' id='word_1_68' title='bbox 499 1060 651 1136; x_wconf 89' lang='lat' dir='ltr'>comicae,</span> <span class='ocrx_word' id='word_1_69' title='bbox 676 1079 759 1142; x_wconf 90' lang='lat' dir='ltr'>quae</span> <span class='ocrx_word' id='word_1_70' title='bbox 781 1061 876 1125; x_wconf 90' lang='lat' dir='ltr'>tertio</span> <span class='ocrx_word' id='word_1_71' title='bbox 899 1058 1125 1142; x_wconf 71' lang='lat' dir='ltr'>opusculorum</span> <span class='ocrx_word' id='word_1_72' title='bbox 1150 1058 1304 1123; x_wconf 91' lang='lat' dir='ltr'>volumini</span> <span class='ocrx_word' id='word_1_73' title='bbox 1324 1060 1394 1124; x_wconf 85' lang='lat' dir='ltr'>fore</span> <span class='ocrx_word' id='word_1_74' title='bbox 1421 1069 1456 1124; x_wconf 91' lang='lat' dir='ltr'>ut</span> <span class='ocrx_word' id='word_1_75' title='bbox 1475 1061 1658 1126; x_wconf 85' lang='lat' dir='ltr'>inserantur</span> <span class='ocrx_word' id='word_1_76' title='bbox 1678 1063 1710 1127; x_wconf 89' lang='lat' dir='ltr'>le</span> <span class='ocrx_word' id='word_1_77' title='bbox 1735 1062 1791 1146; x_wconf 81' lang='lat' dir='ltr'>i,·²)</span> <span class='ocrx_word' id='word_1_78' title='bbox 1820 1083 1915 1146; x_wconf 91' lang='lat' dir='ltr'>quum</span> 
     </span>
     <span class='ocr_line' id='line_1_9' title="bbox 261 1145 1913 1228; baseline 0.002 -17"><span class='ocrx_word' id='word_1_79' title='bbox 261 1147 401 1211; x_wconf 90' lang='lat' dir='ltr'>nondum</span> <span class='ocrx_word' id='word_1_80' title='bbox 424 1148 456 1210; x_wconf 93' lang='lat' dir='ltr'>in</span> <span class='ocrx_word' id='word_1_81' title='bbox 478 1147 581 1210; x_wconf 91' lang='lat' dir='ltr'>lucem</span> <span class='ocrx_word' id='word_1_82' title='bbox 602 1146 786 1228; x_wconf 81' lang='lat' dir='ltr'>prodierint,</span> <span class='ocrx_word' id='word_1_83' title='bbox 813 1165 878 1210; x_wconf 93' lang='lat' dir='ltr'>nou</span> <span class='ocrx_word' id='word_1_84' title='bbox 905 1153 979 1209; x_wconf 86' lang='lat' dir='ltr'>acta</span> <span class='ocrx_word' id='word_1_85' title='bbox 1000 1164 1098 1228; x_wconf 87' lang='lat' dir='ltr'>agere</span> <span class='ocrx_word' id='word_1_86' title='bbox 1125 1145 1200 1208; x_wconf 92' lang='lat' dir='ltr'>mihi</span> <span class='ocrx_word' id='word_1_87' title='bbox 1221 1145 1343 1225; x_wconf 87' lang='lat' dir='ltr'>videor,</span> <span class='ocrx_word' id='word_1_88' title='bbox 1371 1146 1399 1209; x_wconf 90' lang='lat' dir='ltr'>si</span> <span class='ocrx_word' id='word_1_89' title='bbox 1421 1148 1689 1214; x_wconf 89' lang='lat' dir='ltr'>commentatiuno</span> <span class='ocrx_word' id='word_1_90' title='bbox 1724 1170 1775 1213; x_wconf 90' lang='lat' dir='ltr'>am</span> <span class='ocrx_word' id='word_1_91' title='bbox 1796 1150 1836 1215; x_wconf 85' lang='lat' dir='ltr'>de</span> <span class='ocrx_word' id='word_1_92' title='bbox 1858 1169 1913 1214; x_wconf 91' lang='lat' dir='ltr'>no·</span> 
     </span>
     <span class='ocr_line' id='line_1_10' title="bbox 263 1230 1916 1317; baseline 0.002 -21"><span class='ocrx_word' id='word_1_93' title='bbox 263 1233 398 1296; x_wconf 80' lang='lat' dir='ltr'>minibus</span> <span class='ocrx_word' id='word_1_94' title='bbox 414 1233 561 1315; x_wconf 90' lang='lat' dir='ltr'>propriis,</span> <span class='ocrx_word' id='word_1_95' title='bbox 578 1252 659 1313; x_wconf 90' lang='lat' dir='ltr'>quae</span> <span class='ocrx_word' id='word_1_96' title='bbox 675 1232 759 1314; x_wconf 88' lang='lat' dir='ltr'>apud</span> <span class='ocrx_word' id='word_1_97' title='bbox 774 1233 923 1296; x_wconf 89' lang='lat' dir='ltr'>Plautum</span> <span class='ocrx_word' id='word_1_98' title='bbox 939 1238 972 1294; x_wconf 90' lang='lat' dir='ltr'>et</span> <span class='ocrx_word' id='word_1_99' title='bbox 988 1230 1173 1294; x_wconf 85' lang='lat' dir='ltr'>Terentium</span> <span class='ocrx_word' id='word_1_100' title='bbox 1188 1238 1326 1311; x_wconf 79' lang='lat' dir='ltr'>exstant,</span> <span class='ocrx_word' id='word_1_101' title='bbox 1347 1232 1490 1296; x_wconf 86' lang='lat' dir='ltr'>scribere</span> <span class='ocrx_word' id='word_1_102' title='bbox 1505 1234 1658 1298; x_wconf 87' lang='lat' dir='ltr'>conabor.</span> <span class='ocrx_word' id='word_1_103' title='bbox 1703 1232 1798 1317; x_wconf 79' lang='lat' dir='ltr'>Cujus</span> <span class='ocrx_word' id='word_1_104' title='bbox 1813 1234 1916 1299; x_wconf 90' lang='lat' dir='ltr'>libelli</span> 
     </span>
     <span class='ocr_line' id='line_1_11' title="bbox 263 1314 1914 1404; baseline 0.002 -22"><span class='ocrx_word' id='word_1_105' title='bbox 263 1339 410 1402; x_wconf 86' lang='lat' dir='ltr'>magnam</span> <span class='ocrx_word' id='word_1_106' title='bbox 426 1324 549 1401; x_wconf 90' lang='lat' dir='ltr'>partem</span> <span class='ocrx_word' id='word_1_107' title='bbox 564 1317 646 1395; x_wconf 91' lang='lat' dir='ltr'>aliis,</span> <span class='ocrx_word' id='word_1_108' title='bbox 662 1318 716 1400; x_wconf 91' lang='lat' dir='ltr'>qui</span> <span class='ocrx_word' id='word_1_109' title='bbox 730 1338 840 1383; x_wconf 89' lang='lat' dir='ltr'>omnes</span> <span class='ocrx_word' id='word_1_110' title='bbox 855 1336 913 1380; x_wconf 92' lang='lat' dir='ltr'>suo</span> <span class='ocrx_word' id='word_1_111' title='bbox 927 1314 1001 1380; x_wconf 90' lang='lat' dir='ltr'>loco</span> <span class='ocrx_word' id='word_1_112' title='bbox 1016 1316 1272 1392; x_wconf 89' lang='lat' dir='ltr'>nominabuntur,</span> <span class='ocrx_word' id='word_1_113' title='bbox 1288 1337 1392 1399; x_wconf 90' lang='lat' dir='ltr'>pauca</span> <span class='ocrx_word' id='word_1_114' title='bbox 1407 1318 1482 1381; x_wconf 93' lang='lat' dir='ltr'>mihi</span> <span class='ocrx_word' id='word_1_115' title='bbox 1497 1319 1611 1383; x_wconf 91' lang='lat' dir='ltr'>deberi</span> <span class='ocrx_word' id='word_1_116' title='bbox 1626 1319 1728 1385; x_wconf 90' lang='lat' dir='ltr'>libere</span> <span class='ocrx_word' id='word_1_117' title='bbox 1744 1320 1914 1404; x_wconf 84' lang='lat' dir='ltr'>profiteor;</span> 
     </span>
     <span class='ocr_line' id='line_1_12' title="bbox 252 1401 1913 1487; baseline 0.002 -20"><span class='ocrx_word' id='word_1_118' title='bbox 252 1425 345 1487; x_wconf 89' lang='lat' dir='ltr'>-quae</span> <span class='ocrx_word' id='word_1_119' title='bbox 360 1404 470 1487; x_wconf 91' lang='lat' dir='ltr'>qualia</span> <span class='ocrx_word' id='word_1_120' title='bbox 483 1405 555 1482; x_wconf 88' lang='lat' dir='ltr'>sint,</span> <span class='ocrx_word' id='word_1_121' title='bbox 572 1404 706 1467; x_wconf 89' lang='lat' dir='ltr'>aliorum</span> <span class='ocrx_word' id='word_1_122' title='bbox 722 1403 943 1486; x_wconf 87' lang='lat' dir='ltr'>estjndicium.</span> <span class='ocrx_word' id='word_1_123' title='bbox 986 1401 1149 1466; x_wconf 85' lang='lat' dir='ltr'>Personas</span> <span class='ocrx_word' id='word_1_124' title='bbox 1163 1411 1268 1466; x_wconf 86' lang='lat' dir='ltr'>autern</span> <span class='ocrx_word' id='word_1_125' title='bbox 1284 1402 1487 1487; x_wconf 88' lang='lat' dir='ltr'>allegoricas,</span> <span class='ocrx_word' id='word_1_126' title='bbox 1511 1411 1546 1467; x_wconf 90' lang='lat' dir='ltr'>ut</span> <span class='ocrx_word' id='word_1_127' title='bbox 1560 1407 1732 1475; x_wconf 83' lang='lat' dir='ltr'>Arctmum</span> <span class='ocrx_word' id='word_1_128' title='bbox 1747 1405 1913 1487; x_wconf 86' lang='lat' dir='ltr'>Rudentis,</span> 
     </span>
     <span class='ocr_line' id='line_1_13' title="bbox 261 1486 1915 1573; baseline 0.001 -18"><span class='ocrx_word' id='word_1_129' title='bbox 261 1490 424 1555; x_wconf 81' lang='lat' dir='ltr'>Auxilium</span> <span class='ocrx_word' id='word_1_130' title='bbox 439 1489 652 1571; x_wconf 79' lang='lat' dir='ltr'>Cistellariae,</span> <span class='ocrx_word' id='word_1_131' title='bbox 666 1491 781 1555; x_wconf 70' lang='lat' dir='ltr'>[savem</span> <span class='ocrx_word' id='word_1_132' title='bbox 792 1489 980 1554; x_wconf 78' lang='lat' dir='ltr'>familiarem</span> <span class='ocrx_word' id='word_1_133' title='bbox 991 1486 1187 1568; x_wconf 69' lang='lat' dir='ltr'>amularius,</span> <span class='ocrx_word' id='word_1_134' title='bbox 1203 1489 1374 1553; x_wconf 81' lang='lat' dir='ltr'>Luxuriam</span> <span class='ocrx_word' id='word_1_135' title='bbox 1391 1495 1424 1553; x_wconf 89' lang='lat' dir='ltr'>et</span> <span class='ocrx_word' id='word_1_136' title='bbox 1439 1490 1585 1573; x_wconf 92' lang='lat' dir='ltr'>Inopiam</span> <span class='ocrx_word' id='word_1_137' title='bbox 1598 1490 1783 1572; x_wconf 83' lang='lat' dir='ltr'>Trinummi‚</span> <span class='ocrx_word' id='word_1_138' title='bbox 1798 1493 1915 1556; x_wconf 91' lang='lat' dir='ltr'>deinde</span> 
     </span>
     <span class='ocr_line' id='line_1_14' title="bbox 262 1574 1916 1659; baseline 0.001 -18"><span class='ocrx_word' id='word_1_139' title='bbox 262 1576 393 1641; x_wconf 91' lang='lat' dir='ltr'>nomina</span> <span class='ocrx_word' id='word_1_140' title='bbox 413 1596 453 1639; x_wconf 88' lang='lat' dir='ltr'>ex</span> <span class='ocrx_word' id='word_1_141' title='bbox 475 1576 673 1659; x_wconf 79' lang='lat' dir='ltr'>mythologie</span> <span class='ocrx_word' id='word_1_142' title='bbox 691 1582 805 1658; x_wconf 86' lang='lat' dir='ltr'>tracta,</span> <span class='ocrx_word' id='word_1_143' title='bbox 827 1585 864 1639; x_wconf 90' lang='lat' dir='ltr'>ut</span> <span class='ocrx_word' id='word_1_144' title='bbox 884 1593 967 1657; x_wconf 87' lang='lat' dir='ltr'>quae</span> <span class='ocrx_word' id='word_1_145' title='bbox 988 1574 1031 1637; x_wconf 89' lang='lat' dir='ltr'>ad</span> <span class='ocrx_word' id='word_1_146' title='bbox 1052 1594 1119 1637; x_wconf 88' lang='lat' dir='ltr'>rem</span> <span class='ocrx_word' id='word_1_147' title='bbox 1140 1583 1283 1638; x_wconf 88' lang='lat' dir='ltr'>nostram</span> <span class='ocrx_word' id='word_1_148' title='bbox 1304 1574 1382 1637; x_wconf 93' lang='lat' dir='ltr'>nihil</span> <span class='ocrx_word' id='word_1_149' title='bbox 1403 1576 1530 1655; x_wconf 82' lang='lat' dir='ltr'>iaciant,</span> <span class='ocrx_word' id='word_1_150' title='bbox 1553 1577 1839 1659; x_wconf 80' lang='lat' dir='ltr'>praetermisimus3</span> <span class='ocrx_word' id='word_1_151' title='bbox 1861 1597 1916 1642; x_wconf 83' lang='lat' dir='ltr'>no</span> 
     </span>
     <span class='ocr_line' id='line_1_15' title="bbox 262 1659 1914 1746; baseline 0.001 -20"><span class='ocrx_word' id='word_1_152' title='bbox 262 1664 348 1726; x_wconf 89' lang='lat' dir='ltr'>mina</span> <span class='ocrx_word' id='word_1_153' title='bbox 368 1681 447 1726; x_wconf 89' lang='lat' dir='ltr'>vero</span> <span class='ocrx_word' id='word_1_154' title='bbox 461 1669 628 1740; x_wconf 86' lang='lat' dir='ltr'>terrarum,</span> <span class='ocrx_word' id='word_1_155' title='bbox 650 1661 812 1744; x_wconf 90' lang='lat' dir='ltr'>inquibus</span> <span class='ocrx_word' id='word_1_156' title='bbox 834 1659 991 1744; x_wconf 87' lang='lat' dir='ltr'>lingendis</span> <span class='ocrx_word' id='word_1_157' title='bbox 1014 1659 1122 1724; x_wconf 90' lang='lat' dir='ltr'>Plauti</span> <span class='ocrx_word' id='word_1_158' title='bbox 1136 1659 1351 1725; x_wconf 87' lang='lat' dir='ltr'>felicissimum</span> <span class='ocrx_word' id='word_1_159' title='bbox 1367 1668 1418 1725; x_wconf 92' lang='lat' dir='ltr'>est</span> <span class='ocrx_word' id='word_1_160' title='bbox 1430 1661 1602 1744; x_wconf 85' lang='lat' dir='ltr'>ingenium,</span> <span class='ocrx_word' id='word_1_161' title='bbox 1625 1683 1690 1726; x_wconf 94' lang='lat' dir='ltr'>non</span> <span class='ocrx_word' id='word_1_162' title='bbox 1705 1663 1914 1746; x_wconf 86' lang='lat' dir='ltr'>negleximus.</span> 
     </span>
     <span class='ocr_line' id='line_1_16' title="bbox 262 1746 1915 1832; baseline 0.001 -20"><span class='ocrx_word' id='word_1_163' title='bbox 262 1749 305 1813; x_wconf 80' lang='lat' dir='ltr'>Elt</span> <span class='ocrx_word' id='word_1_164' title='bbox 324 1751 370 1812; x_wconf 92' lang='lat' dir='ltr'>ita</span> <span class='ocrx_word' id='word_1_165' title='bbox 391 1748 639 1831; x_wconf 87' lang='lat' dir='ltr'>disputationem</span> <span class='ocrx_word' id='word_1_166' title='bbox 660 1767 784 1812; x_wconf 93' lang='lat' dir='ltr'>omnem</span> <span class='ocrx_word' id='word_1_167' title='bbox 805 1746 1031 1825; x_wconf 81' lang='lat' dir='ltr'>distribuimus,</span> <span class='ocrx_word' id='word_1_168' title='bbox 1055 1754 1089 1808; x_wconf 92' lang='lat' dir='ltr'>nt</span> <span class='ocrx_word' id='word_1_169' title='bbox 1108 1747 1242 1828; x_wconf 93' lang='lat' dir='ltr'>primum</span> <span class='ocrx_word' id='word_1_170' title='bbox 1264 1746 1305 1810; x_wconf 91' lang='lat' dir='ltr'>de</span> <span class='ocrx_word' id='word_1_171' title='bbox 1328 1747 1516 1828; x_wconf 87' lang='lat' dir='ltr'>differentia,</span> <span class='ocrx_word' id='word_1_172' title='bbox 1540 1768 1623 1831; x_wconf 89' lang='lat' dir='ltr'>qnae</span> <span class='ocrx_word' id='word_1_173' title='bbox 1644 1748 1729 1812; x_wconf 91' lang='lat' dir='ltr'>inter</span> <span class='ocrx_word' id='word_1_174' title='bbox 1749 1756 1915 1832; x_wconf 90' lang='lat' dir='ltr'>utrumque</span> 
     </span>
     <span class='ocr_line' id='line_1_17' title="bbox 260 1833 1915 1916; baseline 0 -18"><span class='ocrx_word' id='word_1_175' title='bbox 260 1842 389 1916; x_wconf 79' lang='lat' dir='ltr'>poetam</span> <span class='ocrx_word' id='word_1_176' title='bbox 416 1833 449 1896; x_wconf 94' lang='lat' dir='ltr'>in</span> <span class='ocrx_word' id='word_1_177' title='bbox 475 1833 636 1897; x_wconf 92' lang='lat' dir='ltr'>nominum</span> <span class='ocrx_word' id='word_1_178' title='bbox 658 1853 716 1897; x_wconf 88' lang='lat' dir='ltr'>usu</span> <span class='ocrx_word' id='word_1_179' title='bbox 741 1833 930 1910; x_wconf 88' lang='lat' dir='ltr'>intercedat,</span> <span class='ocrx_word' id='word_1_180' title='bbox 964 1851 1067 1914; x_wconf 91' lang='lat' dir='ltr'>pauca</span> <span class='ocrx_word' id='word_1_181' title='bbox 1088 1833 1342 1913; x_wconf 68' lang='lat' dir='ltr'>praemittantm,</span> <span class='ocrx_word' id='word_1_182' title='bbox 1375 1834 1517 1897; x_wconf 92' lang='lat' dir='ltr'>secundo</span> <span class='ocrx_word' id='word_1_183' title='bbox 1539 1834 1580 1897; x_wconf 90' lang='lat' dir='ltr'>de</span> <span class='ocrx_word' id='word_1_184' title='bbox 1599 1835 1761 1898; x_wconf 93' lang='lat' dir='ltr'>nominum</span> <span class='ocrx_word' id='word_1_185' title='bbox 1787 1834 1915 1898; x_wconf 90' lang='lat' dir='ltr'>illorum</span> 
     </span>
     <span class='ocr_line' id='line_1_18' title="bbox 261 1917 1912 2004; baseline 0.001 -21"><span class='ocrx_word' id='word_1_186' title='bbox 261 1920 484 2004; x_wconf 88' lang='lat' dir='ltr'>originatione,</span> <span class='ocrx_word' id='word_1_187' title='bbox 508 1920 770 2000; x_wconf 81' lang='lat' dir='ltr'>conforrnatione,</span> <span class='ocrx_word' id='word_1_188' title='bbox 795 1919 931 1982; x_wconf 90' lang='lat' dir='ltr'>tlexione</span> <span class='ocrx_word' id='word_1_189' title='bbox 947 1925 1072 2001; x_wconf 86' lang='lat' dir='ltr'>agatur,</span> <span class='ocrx_word' id='word_1_190' title='bbox 1092 1917 1188 1981; x_wconf 89' lang='lat' dir='ltr'>tertio</span> <span class='ocrx_word' id='word_1_191' title='bbox 1203 1918 1342 1982; x_wconf 91' lang='lat' dir='ltr'>omnium</span> <span class='ocrx_word' id='word_1_192' title='bbox 1357 1920 1517 1983; x_wconf 89' lang='lat' dir='ltr'>nominum</span> <span class='ocrx_word' id='word_1_193' title='bbox 1532 1919 1654 1984; x_wconf 90' lang='lat' dir='ltr'>indices</span> <span class='ocrx_word' id='word_1_194' title='bbox 1670 1920 1912 2004; x_wconf 88' lang='lat' dir='ltr'>subjungantur.</span> 
     </span>
     <span class='ocr_line' id='line_1_19' title="bbox 261 2002 1914 2090; baseline 0.001 -21"><span class='ocrx_word' id='word_1_195' title='bbox 261 2006 354 2084; x_wconf 88' lang='lat' dir='ltr'>Quod</span> <span class='ocrx_word' id='word_1_196' title='bbox 378 2005 419 2068; x_wconf 91' lang='lat' dir='ltr'>ad</span> <span class='ocrx_word' id='word_1_197' title='bbox 432 2005 593 2069; x_wconf 91' lang='lat' dir='ltr'>nominum</span> <span class='ocrx_word' id='word_1_198' title='bbox 608 2005 814 2090; x_wconf 84' lang='lat' dir='ltr'>scriptionem</span> <span class='ocrx_word' id='word_1_199' title='bbox 829 2004 953 2083; x_wconf 83' lang='lat' dir='ltr'>attinet,</span> <span class='ocrx_word' id='word_1_200' title='bbox 977 2011 1106 2068; x_wconf 89' lang='lat' dir='ltr'>constat</span> <span class='ocrx_word' id='word_1_201' title='bbox 1118 2002 1202 2066; x_wconf 90' lang='lat' dir='ltr'>inter</span> <span class='ocrx_word' id='word_1_202' title='bbox 1216 2023 1326 2068; x_wconf 90' lang='lat' dir='ltr'>omues</span> <span class='ocrx_word' id='word_1_203' title='bbox 1342 2014 1456 2087; x_wconf 75' lang='lat' dir='ltr'>poetas</span> <span class='ocrx_word' id='word_1_204' title='bbox 1473 2005 1614 2070; x_wconf 85' lang='lat' dir='ltr'>comicos</span> <span class='ocrx_word' id='word_1_205' title='bbox 1630 2026 1719 2070; x_wconf 93' lang='lat' dir='ltr'>usum</span> <span class='ocrx_word' id='word_1_206' title='bbox 1734 2006 1914 2071; x_wconf 85' lang='lat' dir='ltr'>litterarum</span> 
     </span>
     <span class='ocr_line' id='line_1_20' title="bbox 260 2088 1914 2175; baseline 0.001 -20"><span class='ocrx_word' id='word_1_207' title='bbox 260 2110 449 2175; x_wconf 86' lang='lat' dir='ltr'>graecarum</span> <span class='ocrx_word' id='word_1_208' title='bbox 462 2112 492 2174; x_wconf 88' lang='lat' dir='ltr'>y,</span> <span class='ocrx_word' id='word_1_209' title='bbox 508 2113 533 2172; x_wconf 86' lang='lat' dir='ltr'>z,</span> <span class='ocrx_word' id='word_1_210' title='bbox 550 2091 707 2173; x_wconf 83' lang='lat' dir='ltr'>aspiratae</span> <span class='ocrx_word' id='word_1_211' title='bbox 724 2093 767 2171; x_wconf 92' lang='lat' dir='ltr'>th,</span> <span class='ocrx_word' id='word_1_212' title='bbox 784 2093 834 2173; x_wconf 94' lang='lat' dir='ltr'>ph,</span> <span class='ocrx_word' id='word_1_213' title='bbox 850 2092 898 2169; x_wconf 93' lang='lat' dir='ltr'>ch,</span> <span class='ocrx_word' id='word_1_214' title='bbox 915 2110 997 2172; x_wconf 90' lang='lat' dir='ltr'>quae</span> <span class='ocrx_word' id='word_1_215' title='bbox 1013 2088 1178 2153; x_wconf 80' lang='lat' dir='ltr'>Ciceronis</span> <span class='ocrx_word' id='word_1_216' title='bbox 1194 2096 1302 2153; x_wconf 87' lang='lat' dir='ltr'>aetate</span> <span class='ocrx_word' id='word_1_217' title='bbox 1317 2110 1375 2154; x_wconf 91' lang='lat' dir='ltr'>usu</span> <span class='ocrx_word' id='word_1_218' title='bbox 1389 2098 1540 2173; x_wconf 88' lang='lat' dir='ltr'>receptae</span> <span class='ocrx_word' id='word_1_219' title='bbox 1557 2098 1640 2173; x_wconf 88' lang='lat' dir='ltr'>sunt,</span> <span class='ocrx_word' id='word_1_220' title='bbox 1664 2092 1914 2175; x_wconf 87' lang='lat' dir='ltr'>geminationem</span> 
     </span>
     <span class='ocr_line' id='line_1_21' title="bbox 261 2175 1914 2262; baseline 0.001 -21"><span class='ocrx_word' id='word_1_221' title='bbox 261 2178 504 2242; x_wconf 90' lang='lat' dir='ltr'>consonantium</span> <span class='ocrx_word' id='word_1_222' title='bbox 519 2175 573 2240; x_wconf 89' lang='lat' dir='ltr'>all.</span> <span class='ocrx_word' id='word_1_223' title='bbox 589 2177 765 2259; x_wconf 87' lang='lat' dir='ltr'>ignorasse,</span> <span class='ocrx_word' id='word_1_224' title='bbox 779 2178 826 2240; x_wconf 89' lang='lat' dir='ltr'>ita</span> <span class='ocrx_word' id='word_1_225' title='bbox 841 2183 875 2240; x_wconf 91' lang='lat' dir='ltr'>ut</span> <span class='ocrx_word' id='word_1_226' title='bbox 888 2175 965 2240; x_wconf 88' lang='lat' dir='ltr'>illae</span> <span class='ocrx_word' id='word_1_227' title='bbox 976 2175 1104 2239; x_wconf 90' lang='lat' dir='ltr'>litterae</span> <span class='ocrx_word' id='word_1_228' title='bbox 1119 2195 1159 2238; x_wconf 84' lang='lat' dir='ltr'>ex</span> <span class='ocrx_word' id='word_1_229' title='bbox 1171 2176 1315 2240; x_wconf 88' lang='lat' dir='ltr'>omnibus</span> <span class='ocrx_word' id='word_1_230' title='bbox 1330 2176 1511 2240; x_wconf 89' lang='lat' dir='ltr'>nominibus</span> <span class='ocrx_word' id='word_1_231' title='bbox 1527 2176 1739 2260; x_wconf 84' lang='lat' dir='ltr'>expellendas</span> <span class='ocrx_word' id='word_1_232' title='bbox 1752 2177 1914 2262; x_wconf 80' lang='lat' dir='ltr'>essent;³)</span> 
     </span>
     <span class='ocr_line' id='line_1_22' title="bbox 259 2261 1914 2344; baseline -0.001 -16"><span class='ocrx_word' id='word_1_233' title='bbox 259 2264 317 2328; x_wconf 91' lang='lat' dir='ltr'>sed</span> <span class='ocrx_word' id='word_1_234' title='bbox 338 2263 581 2329; x_wconf 91' lang='lat' dir='ltr'>novissimorum</span> <span class='ocrx_word' id='word_1_235' title='bbox 597 2263 754 2327; x_wconf 90' lang='lat' dir='ltr'>editorum</span> <span class='ocrx_word' id='word_1_236' title='bbox 773 2262 1034 2326; x_wconf 87' lang='lat' dir='ltr'>consuetudinem</span> <span class='ocrx_word' id='word_1_237' title='bbox 1056 2261 1236 2343; x_wconf 76' lang='lat' dir='ltr'>probavi,⁴)</span> <span class='ocrx_word' id='word_1_238' title='bbox 1260 2261 1322 2344; x_wconf 91' lang='lat' dir='ltr'>qui,</span> <span class='ocrx_word' id='word_1_239' title='bbox 1343 2281 1385 2326; x_wconf 88' lang='lat' dir='ltr'>nc</span> <span class='ocrx_word' id='word_1_240' title='bbox 1400 2261 1577 2327; x_wconf 89' lang='lat' dir='ltr'>lectoribus</span> <span class='ocrx_word' id='word_1_241' title='bbox 1592 2283 1743 2328; x_wconf 85' lang='lat' dir='ltr'>nauseam</span> <span class='ocrx_word' id='word_1_242' title='bbox 1760 2265 1914 2344; x_wconf 84' lang='lat' dir='ltr'>facerent,</span> 
     </span>
     <span class='ocr_line' id='line_1_23' title="bbox 257 2346 1913 2432; baseline 0.001 -20"><span class='ocrx_word' id='word_1_243' title='bbox 257 2350 422 2429; x_wconf 89' lang='lat' dir='ltr'>lectiones,</span> <span class='ocrx_word' id='word_1_244' title='bbox 445 2348 557 2431; x_wconf 89' lang='lat' dir='ltr'>quales</span> <span class='ocrx_word' id='word_1_245' title='bbox 578 2348 711 2431; x_wconf 89' lang='lat' dir='ltr'>Pilipus,</span> <span class='ocrx_word' id='word_1_246' title='bbox 735 2349 866 2431; x_wconf 81' lang='lat' dir='ltr'>hlpesas,</span> <span class='ocrx_word' id='word_1_247' title='bbox 889 2348 1060 2412; x_wconf 86' lang='lat' dir='ltr'>arcitectus</span> <span class='ocrx_word' id='word_1_248' title='bbox 1083 2346 1149 2427; x_wconf 82' lang='lat' dir='ltr'>alh,</span> <span class='ocrx_word' id='word_1_249' title='bbox 1174 2346 1364 2411; x_wconf 87' lang='lat' dir='ltr'>vitaverunt.</span> <span class='ocrx_word' id='word_1_250' title='bbox 1409 2347 1527 2412; x_wconf 88' lang='lat' dir='ltr'>Restat</span> <span class='ocrx_word' id='word_1_251' title='bbox 1548 2356 1583 2412; x_wconf 92' lang='lat' dir='ltr'>ut</span> <span class='ocrx_word' id='word_1_252' title='bbox 1606 2368 1761 2428; x_wconf 89' lang='lat' dir='ltr'>moneam,</span> <span class='ocrx_word' id='word_1_253' title='bbox 1785 2349 1812 2414; x_wconf 92' lang='lat' dir='ltr'>si</span> <span class='ocrx_word' id='word_1_254' title='bbox 1836 2351 1913 2432; x_wconf 90' lang='lat' dir='ltr'>quid</span> 
     </span>
     <span class='ocr_line' id='line_1_24' title="bbox 256 2432 1914 2518; baseline 0.001 -19"><span class='ocrx_word' id='word_1_255' title='bbox 256 2438 290 2499; x_wconf 94' lang='lat' dir='ltr'>in</span> <span class='ocrx_word' id='word_1_256' title='bbox 312 2435 472 2518; x_wconf 89' lang='lat' dir='ltr'>scriptura</span> <span class='ocrx_word' id='word_1_257' title='bbox 493 2434 653 2498; x_wconf 91' lang='lat' dir='ltr'>nominum</span> <span class='ocrx_word' id='word_1_258' title='bbox 680 2444 846 2517; x_wconf 89' lang='lat' dir='ltr'>peccatum</span> <span class='ocrx_word' id='word_1_259' title='bbox 867 2433 917 2510; x_wconf 87' lang='lat' dir='ltr'>sit,</span> <span class='ocrx_word' id='word_1_260' title='bbox 945 2434 973 2497; x_wconf 91' lang='lat' dir='ltr'>si</span> <span class='ocrx_word' id='word_1_261' title='bbox 995 2432 1103 2511; x_wconf 90' lang='lat' dir='ltr'>multa,</span> <span class='ocrx_word' id='word_1_262' title='bbox 1130 2452 1212 2514; x_wconf 90' lang='lat' dir='ltr'>quae</span> <span class='ocrx_word' id='word_1_263' title='bbox 1237 2433 1284 2496; x_wconf 91' lang='lat' dir='ltr'>his</span> <span class='ocrx_word' id='word_1_264' title='bbox 1306 2434 1463 2498; x_wconf 90' lang='lat' dir='ltr'>derebus</span> <span class='ocrx_word' id='word_1_265' title='bbox 1491 2435 1523 2497; x_wconf 93' lang='lat' dir='ltr'>in</span> <span class='ocrx_word' id='word_1_266' title='bbox 1546 2434 1650 2498; x_wconf 89' lang='lat' dir='ltr'>lucem</span> <span class='ocrx_word' id='word_1_267' title='bbox 1672 2442 1914 2517; x_wconf 88' lang='lat' dir='ltr'>emanaverunt,</span> 
     </span>
     <span class='ocr_line' id='line_1_25' title="bbox 259 2518 1914 2604; baseline 0 -18"><span class='ocrx_word' id='word_1_268' title='bbox 259 2522 378 2586; x_wconf 87' lang='lat' dir='ltr'>omissa</span> <span class='ocrx_word' id='word_1_269' title='bbox 398 2520 470 2599; x_wconf 86' lang='lat' dir='ltr'>sint,</span> <span class='ocrx_word' id='word_1_270' title='bbox 502 2520 535 2583; x_wconf 92' lang='lat' dir='ltr'>id</span> <span class='ocrx_word' id='word_1_271' title='bbox 554 2540 620 2583; x_wconf 96' lang='lat' dir='ltr'>non</span> <span class='ocrx_word' id='word_1_272' title='bbox 647 2520 757 2584; x_wconf 91' lang='lat' dir='ltr'>deberi</span> <span class='ocrx_word' id='word_1_273' title='bbox 779 2538 868 2583; x_wconf 90' lang='lat' dir='ltr'>meae</span> <span class='ocrx_word' id='word_1_274' title='bbox 893 2518 1127 2601; x_wconf 87' lang='lat' dir='ltr'>neglegentiae,</span> <span class='ocrx_word' id='word_1_275' title='bbox 1150 2518 1208 2581; x_wconf 91' lang='lat' dir='ltr'>sed</span> <span class='ocrx_word' id='word_1_276' title='bbox 1229 2521 1382 2601; x_wconf 88' lang='lat' dir='ltr'>penuriae</span> <span class='ocrx_word' id='word_1_277' title='bbox 1402 2518 1569 2600; x_wconf 87' lang='lat' dir='ltr'>librorum,</span> <span class='ocrx_word' id='word_1_278' title='bbox 1600 2541 1696 2604; x_wconf 90' lang='lat' dir='ltr'>quum</span> <span class='ocrx_word' id='word_1_279' title='bbox 1718 2520 1914 2586; x_wconf 87' lang='lat' dir='ltr'>bibliotheca</span> 
     </span>
     <span class='ocr_line' id='line_1_26' title="bbox 258 2604 1913 2690; baseline 0.001 -19"><span class='ocrx_word' id='word_1_280' title='bbox 258 2607 348 2690; x_wconf 75' lang='lat' dir='ltr'>hujus</span> <span class='ocrx_word' id='word_1_281' title='bbox 376 2606 542 2690; x_wconf 87' lang='lat' dir='ltr'>gymnasii,</span> <span class='ocrx_word' id='word_1_282' title='bbox 580 2607 640 2669; x_wconf 86' lang='lat' dir='ltr'>etsi</span> <span class='ocrx_word' id='word_1_283' title='bbox 671 2606 810 2688; x_wconf 88' lang='lat' dir='ltr'>quinque</span> <span class='ocrx_word' id='word_1_284' title='bbox 835 2605 903 2687; x_wconf 90' lang='lat' dir='ltr'>jam</span> <span class='ocrx_word' id='word_1_285' title='bbox 929 2624 1031 2668; x_wconf 89' lang='lat' dir='ltr'>annos</span> <span class='ocrx_word' id='word_1_286' title='bbox 1068 2604 1157 2684; x_wconf 91' lang='lat' dir='ltr'>vidit,</span> <span class='ocrx_word' id='word_1_287' title='bbox 1193 2604 1260 2668; x_wconf 86' lang='lat' dir='ltr'>fere</span> <span class='ocrx_word' id='word_1_288' title='bbox 1288 2604 1375 2686; x_wconf 91' lang='lat' dir='ltr'>nihil,</span> <span class='ocrx_word' id='word_1_289' title='bbox 1409 2625 1473 2688; x_wconf 91' lang='lat' dir='ltr'>quo</span> <span class='ocrx_word' id='word_1_290' title='bbox 1507 2614 1624 2687; x_wconf 86' lang='lat' dir='ltr'>uterer,</span> <span class='ocrx_word' id='word_1_291' title='bbox 1657 2607 1913 2689; x_wconf 88' lang='lat' dir='ltr'>suppeditaverit</span> 
     </span>
     <span class='ocr_line' id='line_1_27' title="bbox 258 2690 1280 2777; baseline -0.003 -20"><span class='ocrx_word' id='word_1_292' title='bbox 258 2693 456 2777; x_wconf 90' lang='lat' dir='ltr'>plurimaque</span> <span class='ocrx_word' id='word_1_293' title='bbox 479 2690 598 2755; x_wconf 88' lang='lat' dir='ltr'>auxilia</span> <span class='ocrx_word' id='word_1_294' title='bbox 621 2692 693 2755; x_wconf 88' lang='lat' dir='ltr'>mihi</span> <span class='ocrx_word' id='word_1_295' title='bbox 717 2711 787 2754; x_wconf 88' lang='lat' dir='ltr'>meo</span> <span class='ocrx_word' id='word_1_296' title='bbox 809 2700 935 2774; x_wconf 88' lang='lat' dir='ltr'>sumptu</span> <span class='ocrx_word' id='word_1_297' title='bbox 957 2690 1133 2755; x_wconf 73' lang='lat' dir='ltr'>coemenda</span> <span class='ocrx_word' id='word_1_298' title='bbox 1152 2690 1280 2754; x_wconf 85' lang='lat' dir='ltr'>l&#39;uerint.</span> 
     </span>
    </p>
   </div>
   <div class='ocr_carea' id='block_1_3' title="bbox 259 2995 1912 3238">
    <p class='ocr_par' dir='ltr' id='par_1_4' title="bbox 259 2995 1912 3238">
     <span class='ocr_line' id='line_1_28' title="bbox 259 2995 1912 3155; baseline 0.002 -25"><span class='ocrx_word' id='word_1_299' title='bbox 259 3048 317 3131; x_wconf 86' lang='lat' dir='ltr'>lte</span> <span class='ocrx_word' id='word_1_300' title='bbox 343 3047 580 3155; x_wconf 77' lang='lat' dir='ltr'>differenda,</span> <span class='ocrx_word' id='word_1_301' title='bbox 612 3065 715 3148; x_wconf 79' lang='lat' dir='ltr'>onae</span> <span class='ocrx_word' id='word_1_302' title='bbox 741 3049 782 3130; x_wconf 88' lang='lat' dir='ltr'>ln</span> <span class='ocrx_word' id='word_1_303' title='bbox 805 3049 1000 3133; x_wconf 76' lang='lat' dir='ltr'>uonlnun</span> <span class='ocrx_word' id='word_1_304' title='bbox 1035 2995 1284 3153; x_wconf 76' lang='lat' dir='ltr'>propriorum</span> <span class='ocrx_word' id='word_1_305' title='bbox 1320 3066 1400 3132; x_wconf 85' lang='lat' dir='ltr'>usn</span> <span class='ocrx_word' id='word_1_306' title='bbox 1430 3050 1539 3132; x_wconf 87' lang='lat' dir='ltr'>tuter</span> <span class='ocrx_word' id='word_1_307' title='bbox 1563 3047 1748 3133; x_wconf 69' lang='lat' dir='ltr'>Mantum</span> <span class='ocrx_word' id='word_1_308' title='bbox 1773 3052 1818 3132; x_wconf 88' lang='lat' dir='ltr'>et</span> <span class='ocrx_word' id='word_1_309' title='bbox 1842 3047 1912 3133; x_wconf 69' lang='lat' dir='ltr'>te·</span> 
     </span>
     <span class='ocr_line' id='line_1_29' title="bbox 869 3151 1309 3238; baseline -0.002 -3"><span class='ocrx_word' id='word_1_310' title='bbox 869 3153 1043 3237; x_wconf 76' lang='lat' dir='ltr'>rendum</span> <span class='ocrx_word' id='word_1_311' title='bbox 1067 3151 1309 3238; x_wconf 81' lang='lat' dir='ltr'>tutercsdat</span> 
     </span>
    </p>
   </div>
   <div class='ocr_carea' id='block_1_4' title="bbox 256 3290 1917 4749">
    <p class='ocr_par' dir='ltr' id='par_1_5' title="bbox 257 3290 1917 4063">
     <span class='ocr_line' id='line_1_30' title="bbox 345 3290 1912 3373; baseline 0.003 -22"><span class='ocrx_word' id='word_1_312' title='bbox 345 3290 497 3369; x_wconf 84' lang='lat' dir='ltr'>Virtutes,</span> <span class='ocrx_word' id='word_1_313' title='bbox 523 3290 636 3373; x_wconf 90' lang='lat' dir='ltr'>quibus</span> <span class='ocrx_word' id='word_1_314' title='bbox 659 3291 845 3372; x_wconf 90' lang='lat' dir='ltr'>ceteroquin</span> <span class='ocrx_word' id='word_1_315' title='bbox 871 3291 1005 3355; x_wconf 91' lang='lat' dir='ltr'>Plautus</span> <span class='ocrx_word' id='word_1_316' title='bbox 1029 3292 1213 3358; x_wconf 82' lang='lat' dir='ltr'>Terentium</span> <span class='ocrx_word' id='word_1_317' title='bbox 1239 3291 1338 3373; x_wconf 86' lang='lat' dir='ltr'>longe</span> <span class='ocrx_word' id='word_1_318' title='bbox 1360 3291 1539 3372; x_wconf 87' lang='lat' dir='ltr'>praecedit,</span> <span class='ocrx_word' id='word_1_319' title='bbox 1572 3291 1669 3355; x_wconf 90' lang='lat' dir='ltr'>etiam</span> <span class='ocrx_word' id='word_1_320' title='bbox 1693 3291 1726 3354; x_wconf 91' lang='lat' dir='ltr'>in</span> <span class='ocrx_word' id='word_1_321' title='bbox 1750 3291 1912 3356; x_wconf 94' lang='lat' dir='ltr'>nominum</span> 
     </span>
     <span class='ocr_line' id='line_1_31' title="bbox 257 3376 1912 3461; baseline 0.002 -25"><span class='ocrx_word' id='word_1_322' title='bbox 257 3376 459 3459; x_wconf 91' lang='lat' dir='ltr'>propriorum</span> <span class='ocrx_word' id='word_1_323' title='bbox 479 3396 537 3440; x_wconf 91' lang='lat' dir='ltr'>usu</span> <span class='ocrx_word' id='word_1_324' title='bbox 561 3376 722 3459; x_wconf 86' lang='lat' dir='ltr'>effulgent.</span> <span class='ocrx_word' id='word_1_325' title='bbox 766 3377 856 3440; x_wconf 82' lang='lat' dir='ltr'>illius</span> <span class='ocrx_word' id='word_1_326' title='bbox 880 3378 1059 3443; x_wconf 88' lang='lat' dir='ltr'>ubertatem</span> <span class='ocrx_word' id='word_1_327' title='bbox 1081 3379 1283 3461; x_wconf 87' lang='lat' dir='ltr'>elegantiam,</span> <span class='ocrx_word' id='word_1_328' title='bbox 1312 3376 1478 3440; x_wconf 86' lang='lat' dir='ltr'>audaciam</span> <span class='ocrx_word' id='word_1_329' title='bbox 1501 3376 1654 3460; x_wconf 89' lang='lat' dir='ltr'>leporem,</span> <span class='ocrx_word' id='word_1_330' title='bbox 1677 3376 1845 3441; x_wconf 86' lang='lat' dir='ltr'>fecundum</span> <span class='ocrx_word' id='word_1_331' title='bbox 1868 3378 1912 3440; x_wconf 92' lang='lat' dir='ltr'>in·</span> 
     </span>
     <span class='ocr_line' id='line_1_32' title="bbox 258 3460 1917 3547; baseline 0.001 -22"><span class='ocrx_word' id='word_1_332' title='bbox 258 3460 386 3544; x_wconf 88' lang='lat' dir='ltr'>genium</span> <span class='ocrx_word' id='word_1_333' title='bbox 408 3461 608 3541; x_wconf 86' lang='lat' dir='ltr'>admiramur,</span> <span class='ocrx_word' id='word_1_334' title='bbox 640 3462 730 3543; x_wconf 88' lang='lat' dir='ltr'>hujus</span> <span class='ocrx_word' id='word_1_335' title='bbox 757 3461 950 3526; x_wconf 91' lang='lat' dir='ltr'>inventionis</span> <span class='ocrx_word' id='word_1_336' title='bbox 974 3465 1099 3547; x_wconf 89' lang='lat' dir='ltr'>copiam</span> <span class='ocrx_word' id='word_1_337' title='bbox 1121 3463 1348 3541; x_wconf 90' lang='lat' dir='ltr'>desideramus,</span> <span class='ocrx_word' id='word_1_338' title='bbox 1373 3462 1594 3545; x_wconf 88' lang='lat' dir='ltr'>dispositionis</span> <span class='ocrx_word' id='word_1_339' title='bbox 1617 3461 1815 3547; x_wconf 87' lang='lat' dir='ltr'>diligentiam</span> <span class='ocrx_word' id='word_1_340' title='bbox 1850 3464 1917 3528; x_wconf 90' lang='lat' dir='ltr'>lau·</span> 
     </span>
     <span class='ocr_line' id='line_1_33' title="bbox 259 3546 1911 3631; baseline 0.001 -20"><span class='ocrx_word' id='word_1_341' title='bbox 259 3549 384 3627; x_wconf 68' lang='lat' dir='ltr'>demum</span> <span class='ocrx_word' id='word_1_342' title='bbox 406 3546 462 3610; x_wconf 93' lang='lat' dir='ltr'>ille</span> <span class='ocrx_word' id='word_1_343' title='bbox 475 3555 610 3611; x_wconf 87' lang='lat' dir='ltr'>naturae</span> <span class='ocrx_word' id='word_1_344' title='bbox 626 3546 781 3612; x_wconf 84' lang='lat' dir='ltr'>beneficio</span> <span class='ocrx_word' id='word_1_345' title='bbox 799 3549 908 3631; x_wconf 90' lang='lat' dir='ltr'>magis,</span> <span class='ocrx_word' id='word_1_346' title='bbox 932 3569 1026 3631; x_wconf 90' lang='lat' dir='ltr'>quam</span> <span class='ocrx_word' id='word_1_347' title='bbox 1041 3551 1148 3614; x_wconf 91' lang='lat' dir='ltr'>studio</span> <span class='ocrx_word' id='word_1_348' title='bbox 1163 3570 1201 3613; x_wconf 91' lang='lat' dir='ltr'>ac</span> <span class='ocrx_word' id='word_1_349' title='bbox 1217 3547 1387 3631; x_wconf 89' lang='lat' dir='ltr'>disciplina</span> <span class='ocrx_word' id='word_1_350' title='bbox 1409 3556 1459 3612; x_wconf 91' lang='lat' dir='ltr'>est</span> <span class='ocrx_word' id='word_1_351' title='bbox 1474 3548 1648 3626; x_wconf 87' lang='lat' dir='ltr'>excellens,</span> <span class='ocrx_word' id='word_1_352' title='bbox 1672 3548 1723 3612; x_wconf 90' lang='lat' dir='ltr'>hic</span> <span class='ocrx_word' id='word_1_353' title='bbox 1739 3551 1911 3613; x_wconf 89' lang='lat' dir='ltr'>verborum</span> 
     </span>
     <span class='ocr_line' id='line_1_34' title="bbox 258 3632 1914 3717; baseline -0.001 -20"><span class='ocrx_word' id='word_1_354' title='bbox 258 3632 416 3715; x_wconf 87' lang='lat' dir='ltr'>dignitate</span> <span class='ocrx_word' id='word_1_355' title='bbox 438 3639 472 3696; x_wconf 92' lang='lat' dir='ltr'>et</span> <span class='ocrx_word' id='word_1_356' title='bbox 485 3635 631 3699; x_wconf 88' lang='lat' dir='ltr'>oratione</span> <span class='ocrx_word' id='word_1_357' title='bbox 646 3634 770 3698; x_wconf 85' lang='lat' dir='ltr'>facetiis</span> <span class='ocrx_word' id='word_1_358' title='bbox 786 3633 963 3698; x_wconf 89' lang='lat' dir='ltr'>liberaliter</span> <span class='ocrx_word' id='word_1_359' title='bbox 976 3635 1108 3699; x_wconf 89' lang='lat' dir='ltr'>condita</span> <span class='ocrx_word' id='word_1_360' title='bbox 1123 3643 1279 3717; x_wconf 72' lang='lat' dir='ltr'>praestat,</span> <span class='ocrx_word' id='word_1_361' title='bbox 1303 3634 1473 3698; x_wconf 83' lang='lat' dir='ltr'>Terentius</span> <span class='ocrx_word' id='word_1_362' title='bbox 1496 3635 1659 3717; x_wconf 86' lang='lat' dir='ltr'>perfectae</span> <span class='ocrx_word' id='word_1_363' title='bbox 1675 3635 1802 3699; x_wconf 93' lang='lat' dir='ltr'>subtilis</span> <span class='ocrx_word' id='word_1_364' title='bbox 1818 3653 1914 3698; x_wconf 90' lang='lat' dir='ltr'>verae</span> 
     </span>
     <span class='ocr_line' id='line_1_35' title="bbox 257 3717 1913 3803; baseline 0 -21"><span class='ocrx_word' id='word_1_365' title='bbox 257 3717 431 3782; x_wconf 90' lang='lat' dir='ltr'>notationis</span> <span class='ocrx_word' id='word_1_366' title='bbox 446 3738 654 3800; x_wconf 90' lang='lat' dir='ltr'>personarum</span> <span class='ocrx_word' id='word_1_367' title='bbox 668 3719 865 3803; x_wconf 86' lang='lat' dir='ltr'>potissimum</span> <span class='ocrx_word' id='word_1_368' title='bbox 880 3719 1034 3803; x_wconf 89' lang='lat' dir='ltr'>gravium,</span> <span class='ocrx_word' id='word_1_369' title='bbox 1057 3729 1182 3803; x_wconf 89' lang='lat' dir='ltr'>patrum</span> <span class='ocrx_word' id='word_1_370' title='bbox 1198 3727 1375 3785; x_wconf 89' lang='lat' dir='ltr'>amatorum</span> <span class='ocrx_word' id='word_1_371' title='bbox 1393 3718 1458 3798; x_wconf 79' lang='lat' dir='ltr'>all,</span> <span class='ocrx_word' id='word_1_372' title='bbox 1476 3719 1572 3783; x_wconf 89' lang='lat' dir='ltr'>laude</span> <span class='ocrx_word' id='word_1_373' title='bbox 1587 3726 1687 3802; x_wconf 87' lang='lat' dir='ltr'>atquc</span> <span class='ocrx_word' id='word_1_374' title='bbox 1702 3721 1913 3784; x_wconf 89' lang='lat' dir='ltr'>admiratione</span> 
     </span>
     <span class='ocr_line' id='line_1_36' title="bbox 257 3805 1914 3889; baseline 0 -21"><span class='ocrx_word' id='word_1_375' title='bbox 257 3805 407 3887; x_wconf 89' lang='lat' dir='ltr'>indignus</span> <span class='ocrx_word' id='word_1_376' title='bbox 429 3824 493 3868; x_wconf 90' lang='lat' dir='ltr'>non</span> <span class='ocrx_word' id='word_1_377' title='bbox 515 3814 573 3885; x_wconf 91' lang='lat' dir='ltr'>est,</span> <span class='ocrx_word' id='word_1_378' title='bbox 594 3807 728 3888; x_wconf 89' lang='lat' dir='ltr'>jocosas</span> <span class='ocrx_word' id='word_1_379' title='bbox 750 3825 905 3889; x_wconf 88' lang='lat' dir='ltr'>personas</span> <span class='ocrx_word' id='word_1_380' title='bbox 928 3805 1021 3869; x_wconf 91' lang='lat' dir='ltr'>nimis</span> <span class='ocrx_word' id='word_1_381' title='bbox 1044 3806 1235 3870; x_wconf 85' lang='lat' dir='ltr'>constrinxit</span> <span class='ocrx_word' id='word_1_382' title='bbox 1262 3812 1358 3887; x_wconf 89' lang='lat' dir='ltr'>atque</span> <span class='ocrx_word' id='word_1_383' title='bbox 1389 3805 1552 3887; x_wconf 91' lang='lat' dir='ltr'>repressit,</span> <span class='ocrx_word' id='word_1_384' title='bbox 1585 3806 1693 3869; x_wconf 90' lang='lat' dir='ltr'>Plauti</span> <span class='ocrx_word' id='word_1_385' title='bbox 1721 3807 1769 3870; x_wconf 79' lang='lat' dir='ltr'>ris</span> <span class='ocrx_word' id='word_1_386' title='bbox 1792 3806 1914 3869; x_wconf 86' lang='lat' dir='ltr'>comica</span> 
     </span>
     <span class='ocr_line' id='line_1_37' title="bbox 257 3891 1903 3974; baseline 0 -20"><span class='ocrx_word' id='word_1_387' title='bbox 257 3891 424 3954; x_wconf 85' lang='lat' dir='ltr'>maximam</span> <span class='ocrx_word' id='word_1_388' title='bbox 438 3900 563 3973; x_wconf 90' lang='lat' dir='ltr'>partem</span> <span class='ocrx_word' id='word_1_389' title='bbox 577 3893 684 3974; x_wconf 90' lang='lat' dir='ltr'>posita</span> <span class='ocrx_word' id='word_1_390' title='bbox 698 3902 749 3956; x_wconf 87' lang='lat' dir='ltr'>est</span> <span class='ocrx_word' id='word_1_391' title='bbox 762 3893 794 3955; x_wconf 92' lang='lat' dir='ltr'>in</span> <span class='ocrx_word' id='word_1_392' title='bbox 810 3894 919 3955; x_wconf 89' lang='lat' dir='ltr'>harum</span> <span class='ocrx_word' id='word_1_393' title='bbox 935 3912 1151 3974; x_wconf 86' lang='lat' dir='ltr'>personarum,</span> <span class='ocrx_word' id='word_1_394' title='bbox 1173 3910 1338 3955; x_wconf 90' lang='lat' dir='ltr'>servorum</span> <span class='ocrx_word' id='word_1_395' title='bbox 1353 3891 1577 3972; x_wconf 89' lang='lat' dir='ltr'>parasitorum,</span> <span class='ocrx_word' id='word_1_396' title='bbox 1595 3891 1746 3956; x_wconf 91' lang='lat' dir='ltr'>lenonum</span> <span class='ocrx_word' id='word_1_397' title='bbox 1762 3891 1903 3970; x_wconf 91' lang='lat' dir='ltr'>militum,</span> 
     </span>
     <span class='ocr_line' id='line_1_38' title="bbox 260 3975 1820 4063; baseline -0.001 -23"><span class='ocrx_word' id='word_1_398' title='bbox 260 3975 457 4040; x_wconf 89' lang='lat' dir='ltr'>mendacium</span> <span class='ocrx_word' id='word_1_399' title='bbox 479 3996 657 4058; x_wconf 88' lang='lat' dir='ltr'>avarorum,</span> <span class='ocrx_word' id='word_1_400' title='bbox 681 3978 810 4062; x_wconf 89' lang='lat' dir='ltr'>propria</span> <span class='ocrx_word' id='word_1_401' title='bbox 832 3986 947 4043; x_wconf 88' lang='lat' dir='ltr'>natura</span> <span class='ocrx_word' id='word_1_402' title='bbox 968 3989 1001 4042; x_wconf 91' lang='lat' dir='ltr'>et</span> <span class='ocrx_word' id='word_1_403' title='bbox 1021 3979 1153 4063; x_wconf 88' lang='lat' dir='ltr'>ingenio</span> <span class='ocrx_word' id='word_1_404' title='bbox 1175 3996 1297 4043; x_wconf 89' lang='lat' dir='ltr'>summa</span> <span class='ocrx_word' id='word_1_405' title='bbox 1317 3997 1388 4040; x_wconf 86' lang='lat' dir='ltr'>cum</span> <span class='ocrx_word' id='word_1_406' title='bbox 1412 3978 1569 4041; x_wconf 80' lang='lat' dir='ltr'>varietate</span> <span class='ocrx_word' id='word_1_407' title='bbox 1592 3978 1820 4042; x_wconf 88' lang='lat' dir='ltr'>describendis.</span> 
     </span>
    </p>

    <p class='ocr_par' dir='ltr' id='par_1_6' title="bbox 256 4061 1913 4749">
     <span class='ocr_line' id='line_1_39' title="bbox 343 4061 1909 4145; baseline 0.001 -19"><span class='ocrx_word' id='word_1_408' title='bbox 343 4061 413 4139; x_wconf 93' lang='lat' dir='ltr'>Quo</span> <span class='ocrx_word' id='word_1_409' title='bbox 435 4063 552 4125; x_wconf 85' lang='lat' dir='ltr'>lactum</span> <span class='ocrx_word' id='word_1_410' title='bbox 574 4074 631 4140; x_wconf 91' lang='lat' dir='ltr'>est,</span> <span class='ocrx_word' id='word_1_411' title='bbox 657 4076 690 4126; x_wconf 91' lang='lat' dir='ltr'>ut</span> <span class='ocrx_word' id='word_1_412' title='bbox 712 4063 881 4128; x_wconf 81' lang='lat' dir='ltr'>Terentius</span> <span class='ocrx_word' id='word_1_413' title='bbox 904 4064 1180 4129; x_wconf 88' lang='lat' dir='ltr'>usitatissimorum</span> <span class='ocrx_word' id='word_1_414' title='bbox 1194 4063 1357 4128; x_wconf 89' lang='lat' dir='ltr'>nominum</span> <span class='ocrx_word' id='word_1_415' title='bbox 1379 4065 1644 4128; x_wconf 90' lang='lat' dir='ltr'>consuetudinem</span> <span class='ocrx_word' id='word_1_416' title='bbox 1665 4065 1732 4127; x_wconf 89' lang='lat' dir='ltr'>fere</span> <span class='ocrx_word' id='word_1_417' title='bbox 1748 4082 1909 4145; x_wconf 85' lang='lat' dir='ltr'>nunquam</span> 
     </span>
     <span class='ocr_line' id='line_1_40' title="bbox 256 4147 1908 4233; baseline 0.001 -23"><span class='ocrx_word' id='word_1_418' title='bbox 256 4148 428 4227; x_wconf 89' lang='lat' dir='ltr'>transierit,</span> <span class='ocrx_word' id='word_1_419' title='bbox 451 4168 471 4210; x_wconf 92' lang='lat' dir='ltr'>a</span> <span class='ocrx_word' id='word_1_420' title='bbox 493 4147 609 4210; x_wconf 91' lang='lat' dir='ltr'>Plauto</span> <span class='ocrx_word' id='word_1_421' title='bbox 632 4148 767 4229; x_wconf 91' lang='lat' dir='ltr'>plurima</span> <span class='ocrx_word' id='word_1_422' title='bbox 787 4158 939 4233; x_wconf 89' lang='lat' dir='ltr'>usurpata</span> <span class='ocrx_word' id='word_1_423' title='bbox 958 4151 1024 4214; x_wconf 90' lang='lat' dir='ltr'>sint</span> <span class='ocrx_word' id='word_1_424' title='bbox 1038 4151 1176 4229; x_wconf 89' lang='lat' dir='ltr'>nomina,</span> <span class='ocrx_word' id='word_1_425' title='bbox 1196 4149 1310 4232; x_wconf 90' lang='lat' dir='ltr'>quibus</span> <span class='ocrx_word' id='word_1_426' title='bbox 1331 4168 1426 4212; x_wconf 89' lang='lat' dir='ltr'>nemo</span> <span class='ocrx_word' id='word_1_427' title='bbox 1441 4150 1523 4214; x_wconf 89' lang='lat' dir='ltr'>alius</span> <span class='ocrx_word' id='word_1_428' title='bbox 1547 4159 1691 4214; x_wconf 87' lang='lat' dir='ltr'>veterum</span> <span class='ocrx_word' id='word_1_429' title='bbox 1706 4149 1908 4230; x_wconf 89' lang='lat' dir='ltr'>scriptorum,</span> 
     </span>
     <span class='ocr_line' id='line_1_41' title="bbox 260 4233 1913 4316; baseline 0.002 -22"><span class='ocrx_word' id='word_1_430' title='bbox 260 4252 341 4314; x_wconf 90' lang='lat' dir='ltr'>quos</span> <span class='ocrx_word' id='word_1_431' title='bbox 362 4235 490 4316; x_wconf 89' lang='lat' dir='ltr'>quidem</span> <span class='ocrx_word' id='word_1_432' title='bbox 509 4234 703 4312; x_wconf 88' lang='lat' dir='ltr'>noverimus,</span> <span class='ocrx_word' id='word_1_433' title='bbox 726 4243 777 4299; x_wconf 88' lang='lat' dir='ltr'>est</span> <span class='ocrx_word' id='word_1_434' title='bbox 796 4255 880 4300; x_wconf 90' lang='lat' dir='ltr'>usus.</span> <span class='ocrx_word' id='word_1_435' title='bbox 924 4237 1045 4300; x_wconf 73' lang='lat' dir='ltr'>Extant</span> <span class='ocrx_word' id='word_1_436' title='bbox 1066 4244 1172 4302; x_wconf 91' lang='lat' dir='ltr'>autem</span> <span class='ocrx_word' id='word_1_437' title='bbox 1193 4235 1227 4299; x_wconf 92' lang='lat' dir='ltr'>in</span> <span class='ocrx_word' id='word_1_438' title='bbox 1247 4235 1392 4299; x_wconf 80' lang='lat' dir='ltr'>Terentii</span> <span class='ocrx_word' id='word_1_439' title='bbox 1415 4236 1530 4301; x_wconf 86' lang='lat' dir='ltr'>fabulis</span> <span class='ocrx_word' id='word_1_440' title='bbox 1554 4236 1683 4300; x_wconf 86' lang='lat' dir='ltr'>circiter</span> <span class='ocrx_word' id='word_1_441' title='bbox 1695 4233 1841 4297; x_wconf 77' lang='lat' dir='ltr'>LXXXI</span> <span class='ocrx_word' id='word_1_442' title='bbox 1857 4253 1913 4298; x_wconf 92' lang='lat' dir='ltr'>no·</span> 
     </span>
     <span class='ocr_line' id='line_1_42' title="bbox 261 4317 1911 4405; baseline 0.003 -26"><span class='ocrx_word' id='word_1_443' title='bbox 261 4317 354 4396; x_wconf 90' lang='lat' dir='ltr'>mina,</span> <span class='ocrx_word' id='word_1_444' title='bbox 377 4339 418 4384; x_wconf 80' lang='lat' dir='ltr'>ex</span> <span class='ocrx_word' id='word_1_445' title='bbox 439 4320 552 4402; x_wconf 91' lang='lat' dir='ltr'>quibus</span> <span class='ocrx_word' id='word_1_446' title='bbox 567 4319 720 4397; x_wconf 77' lang='lat' dir='ltr'>xsvffl,</span> <span class='ocrx_word' id='word_1_447' title='bbox 741 4319 762 4383; x_wconf 90' lang='lat' dir='ltr'>i.</span> <span class='ocrx_word' id='word_1_448' title='bbox 778 4341 805 4384; x_wconf 90' lang='lat' dir='ltr'>e.</span> <span class='ocrx_word' id='word_1_449' title='bbox 821 4322 892 4405; x_wconf 92' lang='lat' dir='ltr'>plus</span> <span class='ocrx_word' id='word_1_450' title='bbox 907 4321 1037 4386; x_wconf 92' lang='lat' dir='ltr'>dimidia</span> <span class='ocrx_word' id='word_1_451' title='bbox 1058 4343 1144 4405; x_wconf 86' lang='lat' dir='ltr'>pars,</span> <span class='ocrx_word' id='word_1_452' title='bbox 1165 4321 1296 4386; x_wconf 89' lang='lat' dir='ltr'>nomina</span> <span class='ocrx_word' id='word_1_453' title='bbox 1310 4323 1476 4386; x_wconf 88' lang='lat' dir='ltr'>tritissima</span> <span class='ocrx_word' id='word_1_454' title='bbox 1490 4331 1573 4401; x_wconf 91' lang='lat' dir='ltr'>sunt,</span> <span class='ocrx_word' id='word_1_455' title='bbox 1596 4321 1705 4399; x_wconf 87' lang='lat' dir='ltr'>XXV,</span> <span class='ocrx_word' id='word_1_456' title='bbox 1725 4321 1745 4382; x_wconf 92' lang='lat' dir='ltr'>i.</span> <span class='ocrx_word' id='word_1_457' title='bbox 1762 4338 1790 4382; x_wconf 88' lang='lat' dir='ltr'>e.</span> <span class='ocrx_word' id='word_1_458' title='bbox 1810 4318 1911 4385; x_wconf 90' lang='lat' dir='ltr'>minus</span> 
     </span>
     <span class='ocr_line' id='line_1_43' title="bbox 261 4402 1910 4489; baseline 0.002 -23"><span class='ocrx_word' id='word_1_459' title='bbox 261 4402 357 4466; x_wconf 90' lang='lat' dir='ltr'>tertia</span> <span class='ocrx_word' id='word_1_460' title='bbox 377 4425 461 4487; x_wconf 89' lang='lat' dir='ltr'>pars,</span> <span class='ocrx_word' id='word_1_461' title='bbox 484 4425 569 4483; x_wconf 88' lang='lat' dir='ltr'>raro,</span> <span class='ocrx_word' id='word_1_462' title='bbox 600 4405 645 4468; x_wconf 79' lang='lat' dir='ltr'>V:</span> <span class='ocrx_word' id='word_1_463' title='bbox 672 4405 804 4485; x_wconf 85' lang='lat' dir='ltr'>Scirtus,</span> <span class='ocrx_word' id='word_1_464' title='bbox 826 4407 989 4487; x_wconf 88' lang='lat' dir='ltr'>Pasibula,</span> <span class='ocrx_word' id='word_1_465' title='bbox 1010 4408 1193 4489; x_wconf 90' lang='lat' dir='ltr'>Philotium,</span> <span class='ocrx_word' id='word_1_466' title='bbox 1213 4407 1367 4488; x_wconf 88' lang='lat' dir='ltr'>Philtera,</span> <span class='ocrx_word' id='word_1_467' title='bbox 1391 4408 1596 4471; x_wconf 88' lang='lat' dir='ltr'>Nausistrata</span> <span class='ocrx_word' id='word_1_468' title='bbox 1616 4406 1701 4487; x_wconf 90' lang='lat' dir='ltr'>apud</span> <span class='ocrx_word' id='word_1_469' title='bbox 1725 4405 1910 4470; x_wconf 84' lang='lat' dir='ltr'>Terentium</span> 
     </span>
     <span class='ocr_line' id='line_1_44' title="bbox 262 4488 1911 4577; baseline 0.001 -23"><span class='ocrx_word' id='word_1_470' title='bbox 262 4488 374 4567; x_wconf 88' lang='lat' dir='ltr'>solum,</span> <span class='ocrx_word' id='word_1_471' title='bbox 397 4492 473 4555; x_wconf 89' lang='lat' dir='ltr'>tria:</span> <span class='ocrx_word' id='word_1_472' title='bbox 496 4491 646 4570; x_wconf 87' lang='lat' dir='ltr'>Archilis,</span> <span class='ocrx_word' id='word_1_473' title='bbox 670 4490 840 4572; x_wconf 81' lang='lat' dir='ltr'>Canthara,</span> <span class='ocrx_word' id='word_1_474' title='bbox 863 4493 971 4576; x_wconf 89' lang='lat' dir='ltr'>Hegio</span> <span class='ocrx_word' id='word_1_475' title='bbox 994 4494 1079 4577; x_wconf 91' lang='lat' dir='ltr'>apud</span> <span class='ocrx_word' id='word_1_476' title='bbox 1093 4494 1242 4558; x_wconf 90' lang='lat' dir='ltr'>Plautum</span> <span class='ocrx_word' id='word_1_477' title='bbox 1257 4501 1291 4557; x_wconf 91' lang='lat' dir='ltr'>et</span> <span class='ocrx_word' id='word_1_478' title='bbox 1305 4494 1495 4558; x_wconf 85' lang='lat' dir='ltr'>Terentium</span> <span class='ocrx_word' id='word_1_479' title='bbox 1516 4491 1605 4554; x_wconf 93' lang='lat' dir='ltr'>solos</span> <span class='ocrx_word' id='word_1_480' title='bbox 1621 4489 1911 4572; x_wconf 87' lang='lat' dir='ltr'>deprehenduntur.</span> 
     </span>
     <span class='ocr_line' id='line_1_45' title="bbox 262 4574 1910 4663; baseline 0.001 -25"><span class='ocrx_word' id='word_1_481' title='bbox 262 4574 366 4654; x_wconf 85' lang='lat' dir='ltr'>Quid?</span> <span class='ocrx_word' id='word_1_482' title='bbox 398 4575 505 4640; x_wconf 90' lang='lat' dir='ltr'>Plauti</span> <span class='ocrx_word' id='word_1_483' title='bbox 527 4581 657 4641; x_wconf 91' lang='lat' dir='ltr'>ubertas</span> <span class='ocrx_word' id='word_1_484' title='bbox 677 4596 784 4641; x_wconf 90' lang='lat' dir='ltr'>nonne</span> <span class='ocrx_word' id='word_1_485' title='bbox 799 4577 895 4641; x_wconf 88' lang='lat' dir='ltr'>etiam</span> <span class='ocrx_word' id='word_1_486' title='bbox 917 4581 977 4642; x_wconf 90' lang='lat' dir='ltr'>hac</span> <span class='ocrx_word' id='word_1_487' title='bbox 991 4586 1084 4662; x_wconf 86' lang='lat' dir='ltr'>parte</span> <span class='ocrx_word' id='word_1_488' title='bbox 1105 4578 1276 4663; x_wconf 88' lang='lat' dir='ltr'>splendida</span> <span class='ocrx_word' id='word_1_489' title='bbox 1296 4579 1403 4642; x_wconf 81' lang='lat' dir='ltr'>lucet?</span> <span class='ocrx_word' id='word_1_490' title='bbox 1448 4576 1543 4657; x_wconf 81' lang='lat' dir='ltr'>Cujus</span> <span class='ocrx_word' id='word_1_491' title='bbox 1567 4596 1662 4658; x_wconf 93' lang='lat' dir='ltr'>quum</span> <span class='ocrx_word' id='word_1_492' title='bbox 1685 4575 1720 4638; x_wconf 93' lang='lat' dir='ltr'>in</span> <span class='ocrx_word' id='word_1_493' title='bbox 1735 4577 1910 4640; x_wconf 91' lang='lat' dir='ltr'>comoediis</span> 
     </span>
     <span class='ocr_line' id='line_1_46' title="bbox 261 4658 1913 4749; baseline 0 -23"><span class='ocrx_word' id='word_1_494' title='bbox 261 4658 424 4726; x_wconf 84' lang='lat' dir='ltr'>CCXCVI</span> <span class='ocrx_word' id='word_1_495' title='bbox 449 4662 515 4726; x_wconf 87' lang='lat' dir='ltr'>fere</span> <span class='ocrx_word' id='word_1_496' title='bbox 535 4663 665 4727; x_wconf 91' lang='lat' dir='ltr'>nomina</span> <span class='ocrx_word' id='word_1_497' title='bbox 691 4662 901 4744; x_wconf 90' lang='lat' dir='ltr'>inveniantur,</span> <span class='ocrx_word' id='word_1_498' title='bbox 935 4684 1000 4728; x_wconf 92' lang='lat' dir='ltr'>non</span> <span class='ocrx_word' id='word_1_499' title='bbox 1027 4665 1126 4729; x_wconf 91' lang='lat' dir='ltr'>multo</span> <span class='ocrx_word' id='word_1_500' title='bbox 1148 4664 1220 4749; x_wconf 92' lang='lat' dir='ltr'>plus</span> <span class='ocrx_word' id='word_1_501' title='bbox 1246 4662 1401 4742; x_wconf 73' lang='lat' dir='ltr'>LXXIV,</span> <span class='ocrx_word' id='word_1_502' title='bbox 1431 4663 1452 4725; x_wconf 90' lang='lat' dir='ltr'>i.</span> <span class='ocrx_word' id='word_1_503' title='bbox 1475 4680 1502 4725; x_wconf 88' lang='lat' dir='ltr'>e.</span> <span class='ocrx_word' id='word_1_504' title='bbox 1525 4668 1641 4743; x_wconf 90' lang='lat' dir='ltr'>quarta</span> <span class='ocrx_word' id='word_1_505' title='bbox 1669 4681 1755 4745; x_wconf 86' lang='lat' dir='ltr'>pars,</span> <span class='ocrx_word' id='word_1_506' title='bbox 1783 4663 1913 4726; x_wconf 89' lang='lat' dir='ltr'>nomina</span> 
     </span>
    </p>
   </div>
   <div class='ocr_carea' id='block_1_5' title="bbox 263 4784 1910 5024">
    <p class='ocr_par' dir='ltr' id='par_1_7' title="bbox 263 4784 1910 5024">
     <span class='ocr_line' id='line_1_47' title="bbox 315 4784 1910 4883; baseline 0.004 -22"><span class='ocrx_word' id='word_1_507' title='bbox 315 4785 360 4879; x_wconf 43' lang='lat' dir='ltr'>‘p</span> <span class='ocrx_word' id='word_1_508' title='bbox 377 4784 472 4865; x_wconf 60' lang='lat' dir='ltr'>Pota-h</span> <span class='ocrx_word' id='word_1_509' title='bbox 484 4831 507 4868; x_wconf 87' lang='lat' dir='ltr'>c.</span> <span class='ocrx_word' id='word_1_510' title='bbox 526 4832 549 4882; x_wconf 92' lang='lat' dir='ltr'>p.</span> <span class='ocrx_word' id='word_1_511' title='bbox 572 4816 616 4867; x_wconf 81' lang='lat' dir='ltr'>ts:</span> <span class='ocrx_word' id='word_1_512' title='bbox 636 4816 697 4869; x_wconf 81' lang='grc' dir='ltr'>,ὓιιι</span> <span class='ocrx_word' id='word_1_513' title='bbox 716 4815 830 4867; x_wconf 86' lang='lat' dir='ltr'>Studium</span> <span class='ocrx_word' id='word_1_514' title='bbox 850 4817 895 4866; x_wconf 84' lang='lat' dir='ltr'>der</span> <span class='ocrx_word' id='word_1_515' title='bbox 915 4816 1090 4883; x_wconf 80' lang='lat' dir='ltr'>Eigcunumen</span> <span class='ocrx_word' id='word_1_516' title='bbox 1105 4845 1135 4854; x_wconf 90' lang='lat'>-</span> <span class='ocrx_word' id='word_1_517' title='bbox 1151 4816 1215 4867; x_wconf 86' lang='lat' dir='ltr'>wird</span> <span class='ocrx_word' id='word_1_518' title='bbox 1235 4816 1276 4866; x_wconf 87' lang='lat' dir='ltr'>dir</span> <span class='ocrx_word' id='word_1_519' title='bbox 1294 4815 1403 4865; x_wconf 84' lang='lat' dir='ltr'>visllsch</span> <span class='ocrx_word' id='word_1_520' title='bbox 1423 4815 1637 4881; x_wconf 85' lang='lat' dir='ltr'>erspriesslichen</span> <span class='ocrx_word' id='word_1_521' title='bbox 1654 4817 1724 4868; x_wconf 83' lang='lat' dir='ltr'>Lohn</span> <span class='ocrx_word' id='word_1_522' title='bbox 1744 4816 1868 4883; x_wconf 65' lang='lat' dir='ltr'>bringam</span> <span class='ocrx_word' id='word_1_523' title='bbox 1883 4817 1910 4880; x_wconf 84' lang='lat' dir='ltr'>ja</span> 
     </span>
     <span class='ocr_line' id='line_1_48' title="bbox 263 4881 1910 4953; baseline 0.005 -20"><span class='ocrx_word' id='word_1_524' title='bbox 263 4885 343 4934; x_wconf 84' lang='lat' dir='ltr'>selbst</span> <span class='ocrx_word' id='word_1_525' title='bbox 360 4883 397 4934; x_wconf 82' lang='lat' dir='ltr'>als</span> <span class='ocrx_word' id='word_1_526' title='bbox 417 4883 503 4934; x_wconf 84' lang='lat' dir='ltr'>hlosse</span> <span class='ocrx_word' id='word_1_527' title='bbox 522 4881 662 4936; x_wconf 83' lang='lat' dir='ltr'>Curiositltt</span> <span class='ocrx_word' id='word_1_528' title='bbox 680 4901 841 4952; x_wconf 72' lang='lat' dir='ltr'>generamus,</span> <span class='ocrx_word' id='word_1_529' title='bbox 861 4886 929 4936; x_wconf 85' lang='lat' dir='ltr'>nieht</span> <span class='ocrx_word' id='word_1_530' title='bbox 948 4903 1013 4952; x_wconf 77' lang='lat' dir='ltr'>gana</span> <span class='ocrx_word' id='word_1_531' title='bbox 1033 4886 1101 4937; x_wconf 88' lang='lat' dir='ltr'>ohne</span> <span class='ocrx_word' id='word_1_532' title='bbox 1120 4887 1161 4936; x_wconf 86' lang='lat' dir='ltr'>ein</span> <span class='ocrx_word' id='word_1_533' title='bbox 1176 4885 1214 4934; x_wconf 92' lang='lat' dir='ltr'>olt</span> <span class='ocrx_word' id='word_1_534' title='bbox 1231 4883 1390 4950; x_wconf 78' lang='lat' dir='ltr'>spasshsltes</span> <span class='ocrx_word' id='word_1_535' title='bbox 1404 4884 1515 4935; x_wconf 83' lang='lat' dir='ltr'>intrasse</span> <span class='ocrx_word' id='word_1_536' title='bbox 1535 4887 1607 4942; x_wconf 84' lang='lat' dir='ltr'>sein‘.</span> <span class='ocrx_word' id='word_1_537' title='bbox 1646 4887 1669 4953; x_wconf 83' lang='lat'>²)</span> <span class='ocrx_word' id='word_1_538' title='bbox 1689 4883 1798 4952; x_wconf 72' lang='lat' dir='ltr'>Oppll.</span> <span class='ocrx_word' id='word_1_539' title='bbox 1812 4904 1837 4953; x_wconf 86' lang='lat' dir='ltr'>p.</span> <span class='ocrx_word' id='word_1_540' title='bbox 1847 4885 1910 4941; x_wconf 78' lang='lat' dir='ltr'>xxi.</span> 
     </span>
     <span class='ocr_line' id='line_1_49' title="bbox 265 4951 1871 5024; baseline 0.003 -22"><span class='ocrx_word' id='word_1_541' title='bbox 265 4955 289 5020; x_wconf 84' lang='lat'>³)</span> <span class='ocrx_word' id='word_1_542' title='bbox 308 4952 465 5021; x_wconf 77' lang='lat' dir='ltr'>Saepissime</span> <span class='ocrx_word' id='word_1_543' title='bbox 486 4955 574 5020; x_wconf 88' lang='lat' dir='ltr'>optimi</span> <span class='ocrx_word' id='word_1_544' title='bbox 595 4955 651 5004; x_wconf 86' lang='lat' dir='ltr'>libri</span> <span class='ocrx_word' id='word_1_545' title='bbox 671 4971 726 5006; x_wconf 81' lang='lat' dir='ltr'>sam</span> <span class='ocrx_word' id='word_1_546' title='bbox 746 4957 895 5024; x_wconf 79' lang='lat' dir='ltr'>scripturam</span> <span class='ocrx_word' id='word_1_547' title='bbox 916 4963 1047 5015; x_wconf 70' lang='lat' dir='ltr'>trauntur,</span> <span class='ocrx_word' id='word_1_548' title='bbox 1066 4954 1111 5010; x_wconf 82' lang='lat' dir='ltr'>alr.</span> <span class='ocrx_word' id='word_1_549' title='bbox 1129 4953 1211 5016; x_wconf 79' lang='lat' dir='ltr'>Scala,</span> <span class='ocrx_word' id='word_1_550' title='bbox 1231 4953 1356 5004; x_wconf 82' lang='lat' dir='ltr'>Pilolsces</span> <span class='ocrx_word' id='word_1_551' title='bbox 1375 4962 1424 5006; x_wconf 84' lang='lat' dir='ltr'>etc.</span> <span class='ocrx_word' id='word_1_552' title='bbox 1460 4954 1486 5022; x_wconf 83' lang='lat'>⁴)</span> <span class='ocrx_word' id='word_1_553' title='bbox 1504 4954 1610 5010; x_wconf 84' lang='lat' dir='ltr'>llitschl.</span> <span class='ocrx_word' id='word_1_554' title='bbox 1630 4953 1698 5022; x_wconf 84' lang='lat' dir='ltr'>Opp.</span> <span class='ocrx_word' id='word_1_555' title='bbox 1720 4956 1751 5011; x_wconf 83' lang='lat' dir='ltr'>ll.</span> <span class='ocrx_word' id='word_1_556' title='bbox 1768 4972 1794 5023; x_wconf 84' lang='lat' dir='ltr'>p.</span> <span class='ocrx_word' id='word_1_557' title='bbox 1814 4951 1871 5014; x_wconf 77' lang='grc'><strong>725.</strong></span> 
     </span>
    </p>
   </div>
   <div class='ocr_carea' id='block_1_6' title="bbox 0 0 2184 5812">
    <p class='ocr_par' dir='ltr' id='par_1_8' title="bbox 0 0 2184 5812">
     <span class='ocr_line' id='line_1_50' title="bbox 0 0 2184 5812; baseline 0 2"><span class='ocrx_word' id='word_1_558' title='bbox 0 0 2184 5812; x_wconf 95' lang='lat' dir='ltr'> </span> 
     </span>
    </p>
   </div>
  </div>
 </body>
</html>
