4358 5812
1010 366 1156 431 ,8-

260 556 448 638 duabusque
462 555 579 630 serris3
595 552 673 618 Gist.
689 554 799 636 lenae;
815 554 908 638 Epid.
920 553 1022 633 militi,
1039 552 1197 632 fidicinas,
1209 552 1366 632 danistae,
1378 572 1488 630 serr03
1504 554 1622 618 Bacch.
1634 553 1788 637 parasito,
1802 572 1915 635 serro;

260 642 359 706 hlost.
376 640 499 705 duobus
515 638 632 721 servis3
655 639 743 705 Men.
767 659 805 703 er
826 640 877 704 XI
898 639 1038 722 quinque
1059 658 1217 722 personae
1231 639 1361 703 nomine
1382 647 1508 704 carent:
1529 659 1618 719 uxor,
1632 658 1741 720 senex,
1756 638 1916 721 medicus;

260 718 366 806 se'rva,
387 724 512 808 lorarii3
536 725 604 790 Mil.
627 745 742 790 servus
763 725 893 809 Peripl,
921 724 1045 789 loran'i·
1074 725 1172 789 llere.
1194 744 1317 807 servus,
1339 745 1474 808 coquus,
1496 726 1615 791 Pseud.
1637 745 1759 806 servus,
1781 742 1917 808 coquus,

260 811 386 889 lorarii;
408 812 510 876 Poen.
532 810 729 893 advocatio,
752 831 856 893 serra,
879 830 1006 895 servus3
1029 775 1113 876 ltuo.
1135 811 1291 894 piscatum
1314 810 1402 876 Trin.
1424 813 1639 896 sycophanta,
1662 811 1915 892 True.serva.¹)

344 899 505 962 Ambiturn
526 897 688 961 nominum
710 898 917 980 respicientes
938 897 1123 962 Terentium
1144 896 1342 980 potissimum
1362 897 1473 962 brevia
1492 897 1622 962 nomina
1644 916 1810 981 paucaque
1832 916 1919 961 com·

260 984 366 1068 posita
386 984 570 1048 adhibuisse
590 983 743 1064 videmus,
765 1003 860 1065 quum
880 1004 918 1047 ex
941 983 1070 1048 Lxxxl
1090 982 1269 1067 composite
1289 982 1353 1047 sint
1375 983 1460 1065 XVI,
1486 983 1635 1048 Plautum
1660 1003 1738 1047 vero
1762 983 1917 1066 longiora

259 1072 428 1136 adamasse
450 1076 483 1133 at
503 1089 542 1133 ex
564 1066 722 1133 coxovl
747 1088 918 1152 usurpasse
945 1068 1031 1132 CXV
1053 1070 1240 1152 composita,
1266 1068 1350 1132 inter
1372 1089 1455 1151 quae
1479 1069 1636 1134 nonnulla
1662 1069 1742 1133 talia
1762 1076 1846 1148 sunt,
1878 1076 1918 1132 ut

259 1156 484 1239 Aristophanis
511 1154 667 1218 aemulum
689 1173 864 1239 agnoscas;
882 1156 975 1237 'qnae
997 1174 1092 1237 quum
1113 1175 1151 1219 er
1173 1154 1330 1219 indicibus
1351 1155 1447 1220 facile
1473 1155 1584 1239 colligi
1609 1156 1744 1239 possint,
1766 1155 1797 1219 h.
1823 1153 1845 1218 l.
1873 1172 1916 1219 ea

260 1251 382 1308 tantum
414 1259 671 1319 commemorem,
708 1261 791 1323 quae
823 1241 977 1306 memoria
1010 1240 1198 1324 dignissima
1229 1242 1307 1305 sint:
1358 1240 1630 1321 Βομβο-μαχίδης,
1661 1237 1917 1317 'Ave-upertdvg,

256 1326 495 1409 Ἕξαίρ-αμβος,
523 1327 814 1406 Θεραποντί-γονος,
843 1327 1051 1407 heperi-resep,
1081 1331 1334 1404 Apro-celerer,
1360 1325 1615 1408 Μισ-αργυρίδης,
1646 1324 1918 1407 [lictori-dages,

259 1410 568 1493 [lotio-parentem,
591 1410 858 1490 (Deloaexwpn'oecv,
880 1415 1171 1494 ΙΙυργο-πολυνίκης,
1184 1411 1572 1494 ΙΙολυ-μαιχωροπλαγίδης,
1589 1414 1919 1494 &reomagense-rem-

258 1497 412 1581 κροισίδης,
432 1497 858 1579 Κλυτομησιωρι-ὅυσαρχίδης.

344 1583 533 1667 Explicatur
552 1602 651 1666 porro
673 1585 800 1649 diverso
822 1584 986 1664 utriusque
1007 1589 1125 1665 poetae
1146 1582 1276 1666 ingenio
1299 1603 1464 1648 servorum
1485 1584 1615 1649 nomina
1636 1584 1751 1649 alosis
1771 1583 1919 1668 volgen-

259 1672 344 1735 tibus
365 1670 461 1735 ducta
475 1669 661 1734 Terentium
676 1671 854 1752 adamasse,
877 1669 1027 1733 Plautum
1041 1687 1115 1731 raro
1130 1668 1307 1734 admisisse.
1351 1672 1459 1752 Atque
1473 1671 1570 1735 etiam
1584 1669 1726 1752 militem,
1748 1670 1914 1749 lenonum,

259 1756 472 1841 parasitorum
492 1755 545 1819 all.
568 1757 747 1820 nominibus
770 1756 963 1840 comparatis
986 1754 1129 1818 Terentii
1143 1754 1345 1837 jejunitatem
1368 1755 1621 1838 ariditatemque,
1643 1776 1776 1821 acumen
1789 1754 1918 1839 ingenii

259 1842 522 1924 celeritatemque
543 1840 650 1906 Plauti
673 1851 706 1907 et
726 1843 758 1906 in
778 1842 912 1906 facetius
932 1838 1120 1923 significatis
1143 1851 1176 1903 et
1196 1841 1229 1905 in
1251 1842 1479 1906 obscenissime
1500 1842 1593 1906 dictis
1614 1840 1782 1925 praeclare
1802 1840 1918 1905 lucere

259 1930 412 1993 videmus.
457 1927 628 1992 Terentius
651 1930 678 1993 si
697 1928 829 1992 militem
850 1927 1025 2011 gloriosum
1049 1945 1167 1990 vocare
1189 1927 1266 2008 vult,
1290 1928 1419 1991 nomina
1439 1928 1500 1992 etsi
1520 1928 1561 1992 ad
1578 1928 1722 1992 militiam
1738 1946 1919 1993 accommo-

259 2015 345 2096 data,
368 2021 475 2079 tamen
489 2012 638 2096 vulgaria
658 2016 690 2077 in
705 2021 853 2098 promptu
876 2014 975 2077 habet
988 2011 1181 2093 Stratonem,
1203 2014 1414 2079 Thrasonem.
1458 2013 1600 2091 Quorum
1616 2015 1742 2079 Thraso
1759 2012 1917 2098 (,Keok‘),

258 2102 345 2183 quod
368 2120 486 2163 nomen
513 2118 533 2162 a
556 2099 751 2165 confidentia
778 2101 896 2164 facturn
922 2098 1015 2162 militi
1039 2096 1087 2160 illi
1112 2097 1231 2164 stolido
1258 2107 1291 2164 et
1315 2101 1491 2183 arroganti,
1519 2119 1613 2182 quum
1638 2100 1681 2165 sit
1701 2101 1829 2164 timidus
1850 2116 1920 2165 ma·

258 2206 403 2271 gnusque
425 2183 590 2268 nebulo³),
617 2186 739 2250 ironice
765 2187 898 2250 inditum
924 2192 974 2249 est
1000 2184 1150 2266 quodque
1175 2185 1208 2248 in
1235 2185 1403 2250 comoedia
1428 2206 1514 2250 nova
1540 2186 1580 2249 de
1606 2186 1706 2250 milite
1732 2185 1917 2270 glorioso⁴)

258 2274 487 2356 frequentatur,
509 2270 605 2334 etiam
626 2273 728 2354 magis
742 2273 859 2356 placet,
882 2292 974 2353 qnam
991 2269 1146 2352 Strato⁵).
1190 2270 1304 2353 Neque
1318 2271 1452 2336 militum
1464 2270 1592 2335 illorum
1608 2272 1797 2336 stolidorum
1815 2276 1918 2372 Quo

258 2360 448 2442 ineptorum,
472 2356 526 2438 qui
548 2356 714 2421 mulierum
737 2358 845 2441 cupidi
865 2357 898 2421 in
920 2356 1088 2421 comoedia
1109 2375 1195 2420 nova
1221 2356 1394 2422 irridentur
1415 2365 1448 2421 et
1468 2358 1758 2442 contemnuntur0),
1783 2372 1919 2423 nomme

258 2445 404 2509 festivius
426 2452 500 2507 sunt
519 2443 659 2508 inventa.
704 2445 749 2508 At
763 2443 897 2508 Plautus
913 2443 1008 2507 etiam
1025 2441 1131 2505 verbis
1146 2441 1211 2506 alte
1226 2445 1415 2508 sonantibus
1427 2443 1559 2507 militum
1574 2446 1747 2508 vanitatem
1785 2443 1919 2508 avidam

257 2531 413 2604 illustrat3
434 2536 508 2592 sunt
529 2548 607 2592 sane
630 2530 726 2594 etiam
749 2531 834 2613 apud
856 2549 926 2592 eum
947 2528 1063 2592 milites
1087 2525 1295 2594 Cleomachus
1317 2530 1371 2611 (W
1373 2530 1500 2613 ippert),
1524 2528 1724 2595 Stratonicus
1745 2465 1918 2615 (liegert),
1960 2526 1962 2535 '

259 2616 526 2698 Stratophanem)
553 2615 740 2698 (Barbam),
775 2616 890 2680 ceteris
915 2622 1022 2679 tamen
1049 2632 1131 2696 quae
1158 2615 1320 2679 nominum
1346 2616 1486 2694 dignitas
1512 2635 1632 2680 sonora
1656 2617 1754 2680 inest!
1771 2619 1802 2697 ⁸)
1843 2615 1919 2683 Nec

257 2701 576 2787 praetermittendum
593 2701 746 2785 ‚Harpar‘
768 2700 918 2785 (Gierig),
941 2699 1073 2764 caculae
1094 2699 1255 2784 nomenl)
1272 2736 1311 2746 -
1328 2702 1477 2766 Lenones
1492 2722 1512 2766 a
1528 2701 1680 2766 Terentio
1697 2701 1829 2782 Sannio,
1852 2700 1922 2766 Do·

258 2791 318 2870 rio,
342 2789 424 2872 Syra
444 2794 614 2863 uocantum
638 2786 887 2871 quampulchre
916 2785 1044 2850 illorum
1060 2804 1164 2850 mores
1182 2786 1340 2850 Plautinis
1364 2788 1583 2870 nominibus¹⁰)
1605 2789 1831 2872 depinguntur!
1856 2787 1923 2853 De·

258 2876 356 2957 nique
378 2873 582 2939 'l'erentianis
604 2874 786 2937 nominibus
807 2873 1021 2957 parasitorum
1028 2872 1241 2954 joeosissimis
1258 2872 1420 2954 ,Gnatho‘,
1443 2873 1614 2954 ,Phormio‘
1635 2875 1742 2939 omnia
1761 2873 1921 2941 Plautina

258 2961 311 3026 vel
335 2959 455 3041 mqjore
470 2957 589 3043 leporis
606 2958 769 3043 elegantia
785 2967 900 3023 ornata
914 2957 1073 3041 opponi¹¹)
1094 2969 1238 3042 possunt.
1282 2958 1416 3024 Plautus
1433 2960 1525 3040 enim,
1547 2969 1582 3024 ut
1601 2961 1702 3024 servis
1723 2958 1921 3027 condicione

257 3046 390 3131 proximi
412 3052 487 3110 sunt
507 3045 650 3128 parasiti,
672 3046 718 3109 ita
737 3047 770 3109 in
792 3063 1051 3126 eorumquoque
1073 3045 1212 3108 moribus
1226 3043 1332 3127 lepide
1350 3045 1468 3128 ubique
1490 3055 1523 3110 et
1542 3047 1673 3129 copiose
1698 3044 1921 3129 exprimendis

258 3134 413 3197 urbanam
428 3151 517 3196 suam
537 3131 747 3196 rusticitatem
766 3131 887 3216 ingenii
902 3131 1059 3194 varietate
1073 3131 1331 3212 amoenitateque
1345 3133 1543 3215 temperavit.
1586 3132 1786 3197 Postremum
1805 3150 1923 3199 nonne

259 3219 355 3283 ctiam
371 3217 565 3297 meretrices,
588 3217 703 3300 quibus
717 3237 843 3299 semper
857 3218 891 3280 in
906 3216 1073 3280 comoedia
1087 3236 1171 3280 nova
1191 3226 1224 3281 et
1248 3215 1281 3279 in
1300 3217 1435 3299 palliata
1453 3218 1582 3281 nomina
1597 3216 1815 3300 significantia
1830 3226 1923 3301 sunt,

259 3326 280 3368 a
298 3304 452 3369 Terentio
473 3303 653 3367 nominibus
670 3303 769 3367 multo
782 3303 995 3385 jejunioribus
1018 3303 1181 3385 magisque
1203 3302 1287 3366 tritis
1309 3312 1443 3368 ornatae
1465 3313 1539 3368 sunt
1560 3324 1654 3385 quam
1676 3303 1852 3369 sPlauto‘l
1874 3312 1927 3371 et·

260 3392 343 3455 enim
370 3389 507 3473 plurima
529 3408 569 3451 ex
587 3388 662 3469 illis,
685 3390 746 3453 etsi
760 3391 892 3453 notione
913 3401 989 3471 apta
1008 3407 1073 3451 non
1096 3396 1208 3452 carent
1227 3396 1260 3452 et
1280 3409 1381 3472 genus
1403 3389 1595 3454 meritricum
1609 3388 1925 3473 optimeillustrene,

260 3495 331 3541 esse
353 3474 546 3558 pervulgata
568 3483 710 3558 apparet.

372 3732 430 3814 be
455 3731 649 3815 nummum
675 3731 925 3833 propriorum
950 3732 1229 3838 numatam,
1258 3731 1585 3838 conformatione,
1611 3730 1790 3815 muana.

345 3852 446 3930 Quam
469 3853 745 3917 commentationis
767 3863 888 3936 partem
908 3855 954 3917 ita
975 3854 1196 3944 disposuimus,
1227 3861 1263 3917 ut
1288 3853 1423 3936 primum
1444 3854 1484 3918 da
1504 3852 1684 3917 nominibus
1704 3870 1927 3935 personarum

257 3939 400 4005 liberalis
422 3939 619 4003 condicionis
641 3958 783 4030 agamus,
810 3939 925 4002 deinde
950 3939 1166 4022 improborum
1197 3938 1357 4002 hominum
1376 3940 1505 4003 nomina
1529 3938 1736 4023 explicemua3
1760 3938 1927 4007 hausitba

260 4045 280 4090 a
300 4027 408 4109 priore
431 4025 472 4088 ad
495 4009 631 4089 alteram
653 4032 776 4109 partem
797 4034 930 4107 paratur
950 4025 1082 4090 militum
1105 4025 1319 4107 parasitorum
1342 4024 1396 4089 all.
1418 4025 1450 4089 id
1471 4044 1572 4108 genus
1593 4024 1784 4090 nominibus.

1026 4112 1094 4189 Gap.
1117 4113 1141 4173 1.
1960 4172 1962 4179 ,

345 4196 417 4259 Huc
438 4195 600 4277 pertinent
620 4195 751 4258 nomina
773 4215 914 4276 uxorum,
936 4196 1103 4278 virginum,
1127 4216 1246 4276 senum,
1269 4193 1529 4261 adolescentium.
1574 4196 1664 4275 Quae
1679 4194 1788 4278 qualia
1808 4196 1927 4264 omrde
1959 4220 1962 4259 ι

261 4301 332 4347 esse
354 4281 502 4361 debeant,
525 4279 666 4364 suprafl)
689 4282 1014 4345 commemoravimus.

260 4365 641 4536 nmplssnll‘ssl'en.
665 4452 704 4515 v.
728 4454 758 4516 a.
785 4452 845 4516 105
861 4451 918 4515 no
939 4452 1119 4536 nnsigura,
1142 4452 1201 4515 an
1216 4450 1421 4535 impsum
1443 4452 1520 4516 itia
1545 4450 1614 4514 roa.
1637 4447 1693 4512 on
1708 4450 1925 4536 Ampsigura,

333 4590 355 4655 ¹)
373 4588 420 4646 cir,
438 4588 495 4642 Ter.
514 4587 634 4639 Phormio
654 4589 679 4639 iu
702 4588 753 4640 iud.
772 4587 791 4643 Ι,
829 4588 854 4654 ²)
872 4588 905 4638 At
924 4589 995 4640 Asin.
1014 4587 1045 4642 ll.
1064 4590 1088 4649 4,
1107 4606 1183 4657 quum
1202 4606 1216 4640 a
1236 4588 1348 4641 Leonida
1367 4591 1438 4641 viros
1456 4589 1532 4640 certis
1547 4586 1693 4639 nominibus
1711 4586 1850 4654 praeditos
1870 4606 1921 4643 eo·
1946 4592 1949 4597 '

260 4658 351 4711 minari
369 4671 477 4708 necessa
496 4658 537 4718 ait,
556 4673 608 4725 qno
628 4656 727 4708 ieciliue
746 4666 873 4708 mercator
891 4658 1043 4724 decipietur,
1061 4657 1244 4711 Fleckeieeuue
1258 4659 1317 4724 jure
1336 4675 1361 4717 v,
1372 4658 1406 4710 28
1418 4657 1496 4723 (4³2)
1514 4673 1561 4725 pro
1581 4656 1692 4709 lectione
1710 4655 1781 4723 vulg.
1804 4661 1924 4728 ,ecqnie‘

260 4753 356 4797 certum
376 4757 470 4795 nomen
496 4744 614 4810 protulit:
640 4741 772 4805 Coriecus,
792 4731 933 4809 Κορίσκος
952 4726 1062 4808 (κόρος,
1082 4732 1253 4809 tortivum)-
1290 4748 1314 4813 θ)
1331 4744 1398 4800 Eun.
1421 4742 1461 4794 lll.
1487 4745 1511 4798 Ἰ.
1537 4746 1564 4795 ΙΙ
1586 4760 1654 4813 sqq,
1681 4745 1710 4794 15
1729 4759 1766 4811 sq.
1803 4744 1832 4811 ⁴)
1853 4744 1922 4801 Βη.

260 4813 369 4869 marbae.
406 4812 430 4879 ι)
448 4829 489 4880 sp.
508 4811 588 4863 Rhea
614 4821 654 4863 est
671 4828 764 4865 nomeu
784 4815 863 4868 senis.
900 4815 923 4869 ⁸)
943 4810 1062 4864 lleiueke
1086 4812 1117 4863 lll
1137 4813 1188 4865 280
1210 4831 1235 4870 n.
1253 4812 1278 4871 2.
1315 4813 1341 4879 7)
1360 4813 1384 4863 la
1403 4812 1468 4864 llere
1492 4812 1542 4863 eibi
1569 4814 1669 4866 videtur
1686 4812 1762 4866 Truc.
1786 4810 1820 4868 ll.
1843 4816 1868 4867 a
1886 4816 1924 4872 34

260 4883 334 4947 ,lare
354 4896 464 4950 peregre
482 4881 624 4935 adveniens
643 4882 733 4934 selueru
747 4882 884 4935 Nerienem
904 4897 1009 4933 uxorem
1028 4887 1115 4937 euem‘.
1147 4885 1170 4949 ⁸)
1189 4883 1235 4939 cir.
1257 4884 1314 4938 intr.
1335 4881 1396 4938 mill.
1419 4898 1486 4933 nom
1520 4883 1545 4950 ⁹)
1564 4884 1610 4939 cir.
1630 4900 1652 4952 p.
1672 4885 1698 4937 4.
1735 4880 1770 4948 ¹⁰)
1788 4883 1840 4937 cir.
1860 4887 1925 4945 intr,

259 4954 310 5010 len.
330 4967 398 5007 nour.
438 4952 472 5019 ¹¹)
490 4952 536 5004 cir.
557 4953 616 5004 infr.
635 4966 732 5020 pereas.
752 4968 820 5006 nom.
859 4952 894 5018 ¹²)
912 4953 958 5008 cfr.
975 4968 1002 5019 p.
1019 4952 1044 5006 t.
