4358 5812
1201 334 1370 398 „24-

453 525 567 599 δοέλοις
587 521 718 601 ὅνόμοτα
738 525 849 584 τιθέτω
870 519 931 583 ἅττ’
952 528 1010 584 τῶν
1031 522 1145 586 idedu.
1166 523 1213 586 ita
1233 523 1350 587 iactum
1371 530 1422 587 est
1444 522 1540 587 etiam
1560 523 1592 587 iu
1614 525 1782 589 comoedia
1802 526 1859 590 cfr.
1874 526 1993 593 Donat.
2006 530 2112 595 Andr.

453 613 480 678 I.
501 613 533 678 3.
555 612 594 676 21
618 610 763 693 ,Semper
784 617 890 673 autem
909 609 1039 674 nomina
1061 609 1255 674 comicorum
1276 628 1441 673 servorum
1463 617 1519 672 aut
1537 629 1558 672 a
1575 609 1759 674 nationibus
1780 621 1855 675 suut
1875 613 1977 679 indita
1998 616 2110 698 ....;‘

454 697 586 763 Hellad.
601 696 695 761 Phot.
715 694 862 760 biblioth.
886 694 939 774 ,ὅτι
960 697 988 755 οἱ
1008 703 1129 771 κωμικοὶ
1151 694 1213 767 τούς
1233 694 1340 767 οἰκέτας
1361 695 1394 754 ιο“
1412 698 1466 770 μέν
1485 699 1572 755 πλέον
1592 690 1652 755 ἆττό
1680 702 1727 755 τοῦ
1745 703 1840 774 γένους
1859 696 1977 759 έττιῖλοον
1998 744 2007 761 .
2028 745 2037 762 .
2058 747 2067 762 .
2090 702 2110 762 .‘

455 783 639 866 Orrjusmodi
659 781 790 846 nomina
810 782 872 846 etsi
893 781 1028 846 Plautus
1049 801 1115 844 non
1136 780 1307 864 ignoravit,
1331 787 1438 843 tamen
1461 800 1500 844 ea
1521 800 1604 863 quae
1625 800 1684 844 usu
1700 782 1866 848 tritissima
1879 796 1981 866 erant,
2002 806 2112 871 asper·

453 877 549 935 natus
572 876 631 933 est.
668 868 793 931 Desunt
812 867 911 950 igitur
932 867 1024 951 apud.
1040 887 1109 931 eum
1125 865 1210 930 servi
1230 865 1279 929 illi
1293 864 1427 930 lallaces
1442 866 1525 930 Davi
1548 876 1581 931 et
1596 867 1711 947 Getae,
1734 868 1775 931 de
1797 871 1913 951 quibus
1929 871 2045 938 Galen.
2068 874 2110 938 de

453 957 527 1022 Nat.
549 956 576 1036 I,
602 955 655 1019 17:
683 952 793 1030 ὁμοίως
814 959 873 1025 τοῖς
891 950 949 1013 s‘rrro
970 957 1019 1013 τοῦ
1040 956 1185 1028 βελτίστου
1207 949 1384 1029 Μενάνδρου
1404 952 1476 1011 xristi
1496 951 1549 1026 τιν’ς·
1570 952 1725 1032 κωμῳδέας
1751 957 1948 1034 εἰσαγομένοις
1975 959 2112 1034 02aeer,

453 1040 545 1116 Δάοις
569 1049 624 1102 rael
650 1047 699 1100 xci
719 1041 831 1113 Γέταις,
852 1035 933 1099 οὐδὲν
960 1038 1123 1114 ἡγουμένοις
1145 1046 1224 1116 σφισι
1255 1039 1425 1115 πεπρᾶχθαι
1444 1045 1587 1114 γενναῖον,
1617 1040 1644 1098 sl
1667 1040 1708 1115 pp*
1734 1047 1793 1118 τρὶς
1824 1039 2031 1118 ἐξαπατήσειαν
2058 1045 2111 1106 το“ν

452 1127 594 1203 δεσπότην
613 1126 668 1191 cfr.
692 1127 752 1190 Οτ.
774 1125 814 1189 Α.
838 1128 877 1188 A.
900 1123 950 1188 ΠΙ
971 1126 1044 1203 331,
1068 1123 1163 1207 Apul.
1187 1122 1299 1188 Floril.
1322 1122 1405 1186 XVI
1426 1124 1493 1217 2⁴23-
1505 1123 1615 1188 Davus
1635 1134 1728 1208 pater
1744 1124 1858 1191 Sosiae
1880 1136 2016 1193 vocatur
2036 1133 2113 1195 Am·

452 1216 549 1299 phitr.
587 1213 700 1295 Neque
715 1211 817 1275 minus
831 1211 1024 1293 improbavit
1045 1230 1162 1273 nomeu
1179 1208 1252 1293 Syri
1268 1208 1322 1272 all.
1338 1209 1394 1273 cir.
1411 1208 1529 1274 Bacch.
1546 1209 1605 1273 IV.
1626 1212 1658 1275 4.
1680 1211 1698 1274 7
1722 1210 1805 1289 ,Nou
1821 1213 1896 1277 mihi
1911 1215 1963 1279 isti
1978 1214 2111 1298 placent

451 1300 681 1378 Parmenones,
705 1295 787 1381 Syri,
808 1295 870 1373 Qui
884 1297 974 1375 duas,
998 1296 1055 1359 tris
1071 1297 1172 1360 minas
1187 1296 1334 1360 auferunt
1350 1296 1455 1375 heris‘,
1478 1296 1539 1359 etsi
1555 1315 1665 1360 eorum
1685 1298 1872 1379 patientiam
1890 1299 2003 1365 laudat
2017 1301 2110 1367 Tria.

451 1386 516 1453 540
538 1405 649 1469 ,genus
664 1382 928 1467 patientissimum
951 1381 1124 1445 hominum‘
1137 1382 1194 1446 cfr.
1213 1382 1321 1462 545,¹)
1339 1381 1438 1447 Mero.
1453 1381 1497 1445 Π.
1512 1382 1542 1446 3.
1559 1383 1600 1447 79
1623 1402 1740 1462 ,emero
1755 1384 1915 1450 Ancillam
1930 1387 2111 1472 viraginem

453 1507 493 1517 —
517 1472 620 1536 forma
642 1469 727 1533 mala
751 1503 788 1515 —
811 1476 867 1532 aut
881 1466 993 1551 Syram
1014 1477 1071 1531 aut
1091 1468 1309 1551 Aegyptiam‘3
1333 1486 1437 1550 neque
1459 1468 1541 1531 enim
1557 1468 1657 1551 Syrus
1677 1467 1742 1549 ille,
1765 1469 1919 1535 Pseudoli
1932 1472 2110 1555 inventum,

452 1567 620 1642 repugnat.
664 1554 728 1619 Sed
749 1561 784 1617 ut
805 1552 919 1638 Syrum
940 1554 1131 1634 nominaret,
1152 1554 1261 1637 posuit
1282 1553 1459 1635 ,Libanus‘;
1481 1554 1647 1637 Bithynos.
1670 1555 1923 1622 robustissimum
1942 1558 2024 1623 illud
2044 1578 2111 1625 ser·

451 1662 563 1708 vorum
593 1641 740 1726 genus,‘²)
762 1640 892 1704 vocavit
917 1639 1186 1723 Sagariscionem,
1208 1639 1432 1722 Sangarinum,
1459 1638 1708 1723 Sangarionem
1731 1641 1813 1724 Mysi
1831 1650 1906 1707 sunt
1924 1644 2009 1727 apud
2034 1664 2108 1711 eum

450 1729 611 1813 Olympio,
635 1727 718 1790 unde
740 1725 942 1809 Olympiscus
963 1732 997 1789 et
1018 1725 1225 1809 Olympichus
1247 1725 1422 1807 (libertusg
1445 1736 1614 1809 praeterea
1636 1727 1789 1791 habemus
1811 1746 1922 1793 servos
1937 1728 2109 1797 Plautinos

451 1813 632 1895 Garionem,
648 1812 779 1897 Lydum,
796 1812 1032 1876 Messeuicucm
1046 1848 1088 1858 -
1105 1812 1241 1887 Macrim
1256 1811 1386 1886 εέλωτινή
1398 1818 1435 1888 γῆ
1449 1848 1500 1891 -,
1516 1812 1654 1877 sortasse
1671 1812 1866 1895 Tyndarum,
1882 1813 2112 1899 Cappadocem

450 1901 610 1981 libertum,
633 1919 743 1963 servas
763 1897 911 1962 Casinam
933 1897 985 1979 tl),
1009 1897 1241 1976 Giddenenem,
1269 1896 1392 1980 Syram,
1416 1897 1615 1978 Thessalam,
1637 1898 1812 1981 Phrygiam
1832 1900 1991 1983 libertam,
2012 1908 2114 1987 Amp-

450 2005 600 2070 saguram
616 1985 658 2066 (l)
673 2003 815 2064 uxorem,
839 1993 873 2049 at
886 1984 1045 2066 Poenam,
1067 1982 1148 2046 nulli
1161 1983 1302 2066 ingenuo
1323 1983 1442 2047 homini
1456 2003 1572 2047 nomen
1586 1983 1708 2068 gentile
1722 1993 1821 2066 poeta
1841 1987 1965 2053 indidit
2001 1988 2111 2073 Magis

389 2070 394 2079 '
474 2072 586 2137 cutilia
600 2070 720 2136 amavit
731 2070 902 2134 Terentius
914 2071 971 2134 cfr.
983 2069 1103 2149 Davus,
1120 2071 1214 2149 Geta,
1232 2069 1351 2152 Sanga,
1364 2066 1473 2151 Syrus,
1490 2068 1650 2152 Syriscus;
1672 2070 1780 2153 Mysis,
1797 2071 1950 2157 Phrygia,
1965 2074 2111 2159 Pythias,

383 2214 390 2225 .
450 2094 546 2243 Sym
568 2157 694 2241 Babylo
717 2163 767 2219 est
787 2175 966 2239 cognomen
988 2156 1147 2235 hlicionis,
1169 2164 1205 2219 ut
1227 2156 1361 2219 hominis
1384 2156 1527 2239 prodigi;
1550 2156 1662 2220 eodem
1683 2156 1844 2239 pertinent
1863 2160 2003 2240 nomina,
2024 2180 2112 2242 quae

448 2245 482 2309 in
504 2244 591 2309 servi
611 2243 763 2325 cnjusque
795 2242 902 2325 patria
929 2249 1022 2306 erant
1047 2241 1264 2321 usitatissima,
1298 2240 1388 2304 velut
1408 2242 1496 2305 Mida
1517 2240 1572 2306 all.
1615 2241 1727 2325 Pergit
1748 2242 1858 2308 Donat
1878 2244 1900 2310 l.
1923 2266 1952 2310 c.
1975 2253 2042 2326 ,aut
2067 2266 2112 2311 ex

450 2330 670 2397 accidentibus
691 2336 748 2392 aut
768 2347 788 2391 a
809 2328 949 2391 moribus
970 2335 1004 2390 et
1024 2327 1207 2392 vernilitate
1229 2334 1284 2391 aut
1304 2347 1345 2391 ex
1366 2328 1500 2411 negotio
1521 2335 1577 2391 aut
1597 2347 1637 2391 ex
1652 2328 1807 2409 qualitate
1822 2332 1967 2414 corporis
1989 2340 2047 2398 aut
2066 2350 2112 2397 ex

454 2418 562 2500 speeie
584 2416 727 2479 sormah‘.
770 2413 894 2478 Hehad
916 2413 937 2477 l.
959 2433 989 2477 c.
1011 2411 1131 2475 ἐκάλουν
1151 2412 1182 2473 δὲ
1201 2413 1236 2473 τά
1257 2411 1289 2483 ἒξ
1307 2411 1464 2483 έπιθέτων,
1485 2411 1525 2487 ὡς
1547 2410 1608 2473 ιῖττό
1630 2420 1678 2472 τοῦ
1695 2412 1852 2494 χρώματος
1872 2422 1926 2493 μὲν
1947 2462 1955 2477 .
1979 2462 1987 2477 .
2009 2461 2017 2477 .
2045 2414 2112 2480 ainai

383 2536 392 2557 .
449 2507 500 2563 τοῦ
510 2500 620 2582 τρόπον
634 2498 664 2560 δέ
676 2545 684 2560 .
697 2545 725 2559 ..
746 2499 801 2560 art.
831 2499 1167 2582 Protuleruutpoetae
1179 2499 1357 2580 hujusmodi
1367 2500 1497 2563 nomina
1507 2499 1710 2577 Dromonem,
1721 2500 1916 2585 Chrysalum,
1930 2503 2112 2586 Pinacium,

369 2606 385 2627 '⁴
449 2588 584 2667 Pistum,
592 2584 1573 2669 Pseudolum;Byrrhiam,besbiam(virosam),Parmenonem
1584 2584 1650 2665 all,
1662 2605 1797 2667 quorum
1807 2588 1900 2671 larga
1910 2589 2015 2673 copia,
2025 2608 2115 2673 quas

450 2673 552 2756 major
572 2672 681 2737 Plauti
701 2679 760 2752 est,
783 2672 883 2736 exiis
906 2692 990 2755 quae
1013 2681 1202 2753 sequuntur,
1224 2671 1319 2736 facile
1342 2670 1453 2754 colligi
1474 2679 1591 2754 potest.
1633 2672 1670 2735 In
1686 2673 1801 2754 quibus
1823 2675 1959 2739 maxime
1972 2676 2115 2743 notandi

403 2762 406 2771 '
449 2767 524 2825 sunt
545 2759 650 2842 ecqui,
672 2778 807 2840 quorum
828 2758 860 2821 in
881 2758 1068 2822 scurrilibus
1098 2757 1237 2821 moribus
1264 2758 1484 2822 describendis
1510 2757 1644 2822 Plautus
1667 2778 1862 2844 magnopere
1889 2761 1951 2824 sibi
1975 2760 2113 2844 placuit,

381 2836 386 2861 ¹
451 2846 534 2911 sicut
557 2844 685 2908 omnino
706 2863 811 2907 novae
831 2844 1019 2908 comoediae
1041 2843 1205 2928 poetae.³)
1248 2843 1372 2907 Horum
1395 2844 1525 2908 nomina
1547 2845 1653 2908 statim
1675 2845 1877 2930 subjungam:

451 2931 668 3011 Anthrax⁴)
683 2967 725 2977 -
743 2930 858 2994 Cario
875 2965 915 2975 —
933 2928 1143 3014 Cyamus34)
1157 2949 1242 2993 nom.
1265 2931 1439 3013 deestap.
1461 2929 1591 2994 Bensel.
1614 2930 1813 2996 -Dromo
1837 2967 1877 2980 -

449 3017 671 3101 Cylindrus.
716 3016 802 3082 Meu.
825 3016 852 3081 I.
873 3023 903 3081 4.
925 3016 954 3079 Β
976 3015 1172 3081 cilinidorus.
1215 3015 1361 3080 Nominis
1383 3014 1650 3100 significationem
1670 3016 1813 3098 Plautus,
1837 3027 1872 3081 ut
1888 3016 2034 3099 scepei),
2054 3016 2117 3083 ali·

492 3123 599 3168 orsum
621 3103 728 3168 vertit.
752 3123 782 3166 v.
806 3102 870 3166 294
892 3101 967 3183 ,Seu
990 3111 1025 3166 tu
1046 3100 1226 3167 Culindru’s
1253 3120 1309 3167 seu
1325 3101 1505 3182 Goliudrus,
1531 3102 1691 3185 perieris‘3
1714 3104 1772 3167 sed
1792 3103 1965 3185 quaeritur,
1987 3122 2054 3184 qua
2077 3105 2115 3169 in

445 3180 448 3189 '
491 3210 527 3254 rc
539 3190 636 3273 jocus
659 3187 715 3252 ille
737 3188 904 3253 consistat.
950 3186 1063 3268 Codd,
1085 3187 1158 3252 edd.
1174 3195 1253 3254 vett.
1269 3186 1495 3268 ,Coriendrus‘.
1536 3187 1630 3252 Multi
1649 3187 1817 3273 Scaligero
1844 3196 2022 3273 praeeunte
2046 3189 2118 3255 edi·

492 3276 608 3339 derunt
623 3273 852 3355 ,caliendrus‘;
875 3274 1058 3354 Lambinus,
1074 3274 1128 3354 qui
1141 3273 1252 3356 jocum
1272 3274 1306 3336 in
1321 3274 1546 3356 paronomasia
1566 3293 1637 3338 esse
1653 3274 1741 3354 vidit,
1760 3275 1970 3355 ,Coliendrue‘
1984 3276 2116 3360 recepit

491 3361 588 3443 idque
609 3379 725 3425 nomen
755 3361 868 3424 eadem
889 3360 1032 3439 notione,
1055 3380 1119 3442 qua
1141 3359 1348 3423 Coriendrum
1371 3379 1442 3423 esse
1464 3357 1578 3441 voluit,
1603 3358 1819 3439 ,Coriendrus‘
1845 3360 1979 3425 Bothius
2002 3359 2114 3447 dedit,

492 3466 625 3528 quorum
647 3455 781 3528 uterque
802 3446 842 3509 de
863 3446 992 3510 nomine
1014 3445 1128 3525 οκόρις
1150 3445 1291 3525 ,Wauae‘
1311 3447 1397 3510 lacto
1413 3446 1576 3528 cogitasse
1594 3446 1735 3527 videtur,
1759 3446 1979 3525 ,Cicilendrus‘
1995 3446 2115 3515 boma

492 3531 655 3596 hariolans
676 3533 854 3616 proposuit,
879 3530 1090 3613 ,Ouliendrus‘
1114 3530 1268 3615 Guyetus.
1314 3531 1404 3608 Quae
1419 3531 1576 3597 lectiones
1592 3551 1702 3596 omues
1717 3541 1852 3615 excepto
1868 3531 2056 3599 coriandro:
2078 3541 2114 3599 at

494 3616 689 3698 Galiendrus,
705 3618 745 3682 de
761 3618 849 3701 eujus
866 3618 1003 3682 nominis
1017 3617 1247 3701 probabilitate
1255 3619 1324 3700 jam
1340 3619 1382 3681 ob
1398 3636 1524 3681 sensum
1540 3637 1604 3681 non
1620 3625 1726 3701 aptum
1744 3617 1901 3683 Schwabe
1916 3618 1956 3684 N.
1970 3620 2005 3683 J.
2023 3620 2113 3687 isra

491 3724 523 3787 p.
545 3702 616 3767 413.
639 3702 806 3787 dubitavit,
830 3711 864 3767 et
878 3704 1065 3769 coliandrus
1081 3712 1114 3767 et
1130 3704 1330 3783 Coriendrus,
1353 3704 1469 3768 nedum
1484 3703 1681 3768 Cicilendrus
1697 3703 1749 3767 vel
1765 3704 1969 3784 coriandrus,
1991 3704 2113 3771 eodem

492 3789 571 3853 vitio
586 3787 751 3871 laborant;
772 3790 865 3854 nimis
886 3791 1013 3854 diverse
1034 3811 1053 3854 a
1074 3789 1263 3870 ,Culindrus‘
1283 3797 1411 3855 sonant.
1455 3790 1560 3872 Magis
1575 3790 1673 3871 igitur
1686 3809 1801 3853 nomen
1823 3788 2025 3855 aSchwabio
2040 3790 2065 3857 l.
2080 3811 2111 3859 c.

490 3876 654 3939 inventum
677 3873 868 3955 ,Coliudrus‘
892 3877 1023 3941 arridet.
1069 3876 1195 3939 Etenim
1216 3884 1345 3960 poetam
1366 3877 1463 3941 etiam
1481 3875 1602 3938 nomini
1617 3874 1806 3955 ,Culindrus‘
1828 3876 1925 3941 aliam
1939 3876 2112 3943 notionem

492 3962 522 4026 h.
546 3960 568 4025 1.
590 3961 723 4025 subesse
745 3960 888 4026 voluisse
915 3970 1013 4044 atquc
1040 3980 1159 4044 graeco
1188 3960 1345 4040 Κύλινδρος
1372 3969 1431 4041 est,
1459 3979 1639 4043 nomenque
1665 3981 1685 4025 a
1711 3961 1813 4027 latina
1836 3981 1918 4029 voce
1939 3962 2112 4029 derivasse

489 4048 640 4111 viderunt
653 4046 724 4128 jam
745 4046 786 4111 N.
810 4047 961 4113 Heinsius
983 4056 1015 4112 et
1036 4048 1225 4127 Salmasius,
1248 4067 1342 4128 quum
1363 4047 1613 4125 Menaechmum,
1636 4054 1672 4110 ut
1692 4067 1828 4131 coquum
1849 4048 2011 4129 illuderet,
2038 4048 2111 4133 eiua

490 4151 618 4214 nomeu,
640 4139 803 4213 tamquam
818 4133 914 4215 stirps
930 4134 997 4216 ejus
1014 4133 1102 4198 culus
1117 4134 1139 4198 i.
1156 4153 1185 4198 e.
1203 4132 1329 4214 podex,
1344 4134 1447 4196 uates‘
1470 4137 1565 4213 esset,
1586 4133 1776 4216 repetivisse
1789 4140 1984 4199 statuerent¹
2008 4132 2111 4201 Unde

492 4219 637 4299 efficitur,
659 4226 695 4281 ut
717 4217 850 4282 Plautus
872 4217 1006 4283 alterum
1029 4239 1156 4301 quoque
1177 4237 1292 4281 nomen
1308 4237 1348 4282 ex
1370 4238 1450 4283 voce
1465 4216 1567 4283 latina
1590 4219 1659 4302 ipse
1683 4219 1820 4285 finxerit.
1864 4220 1959 4298 Quod
1977 4239 2110 4304 nomen,

491 4314 526 4369 ut
544 4306 717 4371 verborum
738 4303 827 4368 lusus
849 4303 987 4387 placeat,
1011 4304 1164 4386 ejusmodi
1181 4322 1252 4367 esse
1265 4312 1402 4387 oportet,
1419 4313 1453 4369 ut
1470 4304 1639 4387 ejusforma
1659 4305 1702 4370 sit
1710 4307 1810 4390 priori
1822 4305 1991 4386 simillima,
2012 4306 2110 4373 notio

493 4391 665 4474 diversa0),
688 4405 724 4454 at
744 4390 821 4454 item
839 4391 1014 4456 obscoena.
1048 4389 1155 4467 Quare
1172 4389 1320 4454 Salmasii
1333 4392 1506 4472 inventum,
1528 4393 1614 4473 quod
1630 4392 1813 4471 Lambinus,
1833 4392 1963 4458 diversa
1976 4392 2112 4475 quidam

491 4478 632 4558 notione,
654 4478 689 4541 in
711 4483 832 4541 tartum
853 4477 970 4557 intulit,
999 4477 1212 4558 ,coliandrus‘
1235 4475 1268 4556 (a
1291 4477 1389 4542 culeis
1412 4477 1470 4543 ie.
1493 4477 1602 4558 culeis,
1623 4497 1704 4541 voce
1719 4478 1893 4557 obscoena,
1908 4477 2110 4563 confictum),

492 4562 554 4626 abi
568 4583 698 4646 prorsus
713 4563 746 4626 in
762 4563 867 4628 locum
884 4564 1035 4646 quadrat:
1071 4561 1158 4643 ,Sive
1173 4583 1193 4626 a
1208 4561 1281 4627 culo
1297 4564 1366 4627 sive
1388 4562 1532 4644 acoleia,
1553 4583 1670 4628 nomen
1686 4563 1796 4643 habes,
1818 4564 1962 4647 perieris‘
1977 4584 2113 4633 nomen·

493 4667 566 4730 que,
586 4656 622 4712 ut
643 4668 754 4713 versus
777 4669 874 4714 sanus
896 4650 948 4730 sit,
972 4648 1165 4732 Ooh'endrus
1187 4648 1253 4732 legi
1275 4656 1392 4732 potest,
1420 4657 1528 4715 tamen
1547 4650 1650 4714 forma
1672 4657 1706 4713 et
1731 4650 1839 4732 specie
1865 4671 1886 4715 a
1911 4648 2111 4731 ,Gulirrdrus‘

491 4734 584 4798 nimis
606 4733 722 4799 differt.
768 4736 811 4799 hit
825 4756 920 4818 quum
935 4757 956 4800 a
972 4735 1104 4816 ,coleus‘
1126 4754 1244 4799 nomen
1258 4736 1337 4801 satis
1351 4737 1551 4819 respondens
1578 4734 1786 4815 ,Goleiudrus‘
1808 4735 1940 4801 formari
1952 4744 2110 4821 nequeat,

454 4839 657 4850 -..,—-.-..--.

520 4867 544 4937 ¹)
563 4870 678 4925 homme.
697 4869 727 4926 ll.
745 4869 776 4922 ti.
794 4870 805 4921 l
823 4872 882 4928 orl.
923 4875 948 4941 1)
971 4872 1064 4931 laven.
1088 4871 1120 4927 Vl
1148 4873 1207 4928 ³51.
1249 4874 1274 4938 8)
1299 4873 1346 4925 οέτ.
1369 4873 1461 4926 Athea.
1486 4888 1511 4939 p.
1530 4871 1582 4927 28⁰
1602 4873 1629 4930 l..
1653 4870 1704 4924 290
1721 4872 1762 4929 ah.
1798 4875 1823 4939 4)
1849 4874 1895 4929 οέτ.
1915 4890 1940 4941 p.
1959 4873 2001 4931 10.
2037 4876 2064 4945 ⁸)
2082 4892 2111 4947 p.

446 4939 463 4992 3
482 4954 540 5007 sqq.
576 4939 601 5007 ⁸)
618 4942 707 5008 ltaque
725 4938 791 4990 inho
810 4938 907 5006 Gratus
925 4941 1103 5000 ,Culiendrus‘.
