4358 5812
1014 285 1160 350 ..ss..

261 476 360 542 valde
380 476 501 540 usitata
520 480 608 556 snnt;
628 473 662 539 in
678 493 741 556 qno
763 492 827 536 non
851 479 902 535 est
922 447 1155 557 neglegendum
1176 491 1247 536 eum
1270 471 1359 537 Trin.
1375 472 1439 538 916
1452 490 1512 553 sq,
1532 472 1623 538 Asin.
1639 474 1681 539 V.
1695 474 1725 539 2.
1744 474 1783 540 15
1805 474 1916 539 dedita

264 581 365 646 opera
384 560 514 626 nomina
534 559 702 624 tritissima
722 557 999 641 quatuordeeim)
1022 557 1276 642 usurpaviss0;²)
1296 557 1446 623 XXXIV
1466 565 1541 622 sunt
1561 561 1700 640 nomina,
1726 580 1809 643 qnae
1828 580 1915 642 raro,

263 648 399 712 maxime
420 648 453 710 in
474 646 585 726 Inacr,
614 645 836 729 reperiuntur;
866 644 993 708 circiter
1019 642 1216 723 CLXXVII,
1242 644 1263 707 i.
1286 663 1315 708 e.
1336 643 1404 708 fera
1424 643 1564 726 quinque
1587 653 1733 727 octavae,
1755 667 1775 710 a
1796 645 1915 712 Plauto

255 732 334 798 solo
356 738 485 797 servata
505 728 623 813 santi)

348 819 566 883 Personarum
585 817 715 881 nomina
736 813 844 879 omnia
866 834 886 877 a
908 814 1044 879 Graecis
1070 822 1205 963 accepta
1226 833 1297 879 esse
1319 823 1421 895 erant,
1448 816 1503 897 qni
1524 816 1766 883 arbitrarentur.
1809 818 1848 882 Id
1868 819 1915 882 ita

263 925 344 984 esse,
366 905 451 987 quod
475 904 516 967 ad
539 902 726 969 Terentium
749 900 873 980 attinet,
895 919 960 964 non
983 900 1117 983 nego;⁴)
1138 899 1194 963 ile
1209 899 1339 965 nomina
1359 919 1436 964 vere
1449 900 1551 966 latina
1571 921 1676 984 neque
1697 902 1789 967 finxit
1810 923 1915 985 neque

261 991 441 1073 usurpavit,
465 989 550 1074 apud
571 988 721 1052 Plautum
738 1005 814 1050 vero
837 986 1043 1051 inveniuntur
1062 986 1150 1067 talia,
1173 1005 1257 1068 quae
1280 986 1585 1069 praestantissimam
1605 986 1694 1053 illam
1707 989 1828 1072 ingenii
1844 992 1912 1072 ejus

260 1077 324 1141 vim
346 1075 619 1156 celeritatemque,
642 1092 707 1155 qua
729 1072 872 1137 Terentii
895 1072 1084 1154 prudentiae
1109 1078 1205 1154 atque
1228 1073 1442 1137 moderationi
1461 1073 1633 1154 antecedit,
1655 1081 1766 1157 aperte
1789 1076 1917 1139 demon·

261 1169 380 1227 strant:
404 1161 585 1239 (lolindrus,
602 1158 754 1242 Congrio,
771 1157 931 1237 Curculio,
948 1156 1080 1222 Grnmio
1087 1156 1140 1241 (i),
1156 1157 1277 1238 Lucris,
1293 1157 1468 1241 Lucri0(?),
1484 1159 1666 1241 Peniculus,
1682 1160 1822 1242 Saturio,
1838 1160 1915 1228 Sex·

252 1247 483 1331 centoplagus,
506 1245 705 1310 Summanus.
749 1244 843 1308 Adde
869 1253 1025 1309 terrarum
1047 1243 1185 1324 nomina,
1212 1264 1296 1326 quae
1319 1243 1412 1308 hilari
1425 1245 1504 1327 joco
1527 1245 1632 1310 finxit:
1669 1247 1810 1328 Bibesia,
1835 1247 1916 1312 Oou·

259 1333 464 1413 terebromia,
481 1330 688 1409 Curculionii,
703 1330 851 1410 Peredia,
868 1329 1092 1395 Unomammia
1106 1329 1160 1394 all.
1205 1329 1399 1412 Ceteroquin
1413 1332 1570 1414 personis,
1593 1340 1626 1396 et
1640 1351 1723 1414 quac
1737 1333 1771 1397 in
1785 1353 1914 1397 scenam

260 1420 429 1504 prodeunt,
453 1426 487 1482 et
508 1436 642 1499 quarum
656 1416 776 1479 mentio
792 1423 914 1480 tantum
936 1416 1083 1497 injicitur,
1105 1415 1236 1479 nomina
1255 1416 1384 1482 Graeca
1404 1416 1507 1489 indita
1526 1427 1610 1483 sunt.
1652 1418 1786 1483 Plautus
1808 1427 1914 1484 autem

260 1505 390 1570 nomina
411 1502 559 1587 vulgaria
580 1503 642 1568 etsi
662 1501 790 1565 minime
811 1500 1000 1585 neglexit⁶),
1032 1509 1139 1566 umen
1165 1502 1352 1585 plerumque
1374 1502 1530 1585 ejusmodi
1553 1504 1696 1586 protulit,
1719 1525 1805 1587 quaa
1827 1524 1913 1570 mere

262 1588 470 1674 appellativa,
492 1590 606 1672 quibus
628 1588 708 1652 certi
722 1587 882 1651 hominnm
899 1586 1028 1651 ordines
1049 1587 1269 1672 designantur,
1292 1588 1480 1671 accipienda
1494 1589 1558 1653 sint
1576 1597 1611 1654 et
1631 1592 1803 1675 aposterIs
1817 1591 1914 1674 scrip

261 1676 386 1741 toribus
407 1676 454 1739 ita
474 1672 713 1758 usurpentur.⁶)
756 1672 910 1738 Persouis
931 1673 1030 1758 igitur
1050 1674 1115 1737 suis
1136 1673 1204 1738 fere
1226 1694 1353 1758 semper
1366 1675 1532 1758 aptissima
1554 1695 1665 1757 eaque,
1688 1676 1914 1760 quaejocandi

260 1761 502 1844 voluptatisque
529 1758 737 1843 multiplicem
758 1759 944 1823 facultatem
971 1760 1102 1840 dabant,
1134 1761 1265 1823 nomina
1292 1760 1436 1843 elegiti)
1480 1761 1677 1843 Quamquam
1703 1763 1821 1827 sactum
1842 1782 1913 1827 esse

260 1854 379 1931 potest,
398 1855 434 1912 ut
454 1847 512 1911 illa
526 1847 595 1930 jam
617 1846 651 1909 in
665 1844 791 1926 fabulis,
815 1865 894 1928 quas
913 1846 947 1908 in
969 1866 1059 1910 usum
1074 1864 1164 1909 suum
1179 1847 1348 1926 convertit,
1369 1847 1537 1929 inveniret,
1552 1856 1659 1911 omen
1674 1849 1800 1932 saepius
1815 1855 1914 1932 poeta

259 1933 326 2014 ille,
357 1933 538 1998 audacioris
560 1930 682 2015 ingenii
702 1932 808 2011 homo,
836 1950 899 2013 qua
922 1939 993 1996 erat
1010 1931 1140 2014 linguae
1165 1951 1304 2016 graecae
1326 1933 1521 2016 cognitione,
1554 1954 1650 2016 quum
1676 1935 1794 2017 ubique
1815 1934 1913 1999 soluti

261 2040 300 2085 ae
322 2019 415 2084 liberi
436 2019 513 2101 quid
534 2018 684 2082 ostendat
706 2022 739 2080 et
760 2025 873 2100 suapte
899 2017 1019 2100 ingenii
1040 2017 1072 2081 vi
1093 2025 1211 2097 utatur,
1237 2018 1367 2082 nomina
1389 2037 1437 2098 ea,
1458 2039 1551 2101 quae,
1572 2020 1640 2085 sive
1666 2021 1913 2104 originationem

260 2106 329 2171 sive
346 2102 613 2190 significationem
633 2110 771 2186 spectas,
799 2102 941 2166 indolem
964 2124 1002 2168 ac
1024 2103 1208 2168 facultatem
1233 2103 1286 2167 vel
1308 2106 1578 2185 consuetudinem,
1605 2124 1711 2170 mores
1730 2107 1912 2190 agendique

261 2191 482 2258 condIcionem
496 2209 705 2274 personarum
721 2196 833 2272 aperte
848 2188 1038 2273 significent,
1059 2189 1121 2253 nisi
1136 2209 1218 2272 quae
1235 2190 1403 2254 aGraeeia
1417 2190 1451 2255 in
1461 2191 1558 2255 Italia
1573 2191 1789 2256 habitantibus
1805 2193 1912 2271 traxit,

259 2298 319 2362 per
340 2298 375 2343 se
395 2276 513 2341 nullius
533 2275 588 2339 val
608 2275 792 2357 adjumento
812 2274 866 2339 vel
888 2275 1080 2340 auctoritate
1107 2275 1245 2359 elegisse
1266 2281 1363 2357 atque
1385 2276 1468 2340 adeo
1489 2277 1569 2360 ipse,
1595 2278 1627 2340 id
1649 2279 1736 2369 quod
1757 2279 1797 2342 de
1817 2279 1915 2342 nomi·

260 2364 353 2429 nibus
375 2364 484 2427 latinia
507 2367 644 2441 constat,
667 2368 864 2425 commentus
887 2381 958 2426 esse
980 2363 1116 2427 videtur.
1160 2362 1198 2426 Id
1214 2381 1253 2426 eo
1268 2363 1371 2446 magia
1385 2362 1558 2428 verisimile
1581 2373 1640 2444 est,
1663 2384 1758 2446 quum
1772 2365 1805 2428 in
1819 2364 1913 2447 lrgm.

261 2470 342 2515 com.
365 2468 473 2533 graec.
494 2447 627 2512 nomina
647 2467 734 2528 sane,
757 2456 792 2510 ut
811 2448 858 2511 ita
879 2447 993 2528 dicam,
1015 2447 1182 2531 loquentia
1204 2455 1316 2513 extent
1337 2449 1393 2513 alr.
1418 2455 1579 2528 Λαμπρίας
1601 2450 1791 2514 adolescens
1806 2450 1912 2513 lautus

261 2543 358 2619 atque
380 2537 504 2615 beatus,
528 2539 634 2610 Λαμία
657 2532 807 2596 deformis
829 2553 922 2614 uxor,
952 2534 1125 2614 Θρασυλέων
1147 2531 1362 2614 Ψευδηρακλῆς,
1384 2535 1582 2614 Αἱρησιτείχης
1603 2535 1734 2617 militm
1761 2535 1913 2614 Κοριαννώ

260 2621 429 2705 (,Mtdel‘),
461 2619 599 2682 Θάλαττα
622 2619 819 2699 meretrices,
847 2620 1025 2698 Νικυσνράιη
1052 2618 1165 2685 mulier
1185 2621 1324 2703 superba
1349 2620 1531 2703 imperiosa,
1565 2621 1690 2698 Κνήμων·
1711 2620 1913 2705 (·,Knieling‘)

261 2707 417 2793 agricola,
439 2704 636 2788 Eprxptrqgf)
658 2703 851 2780 Ιυαθωυίδης,
864 2706 1026 2786 Σιρουιῆἀς
1046 2704 1112 2786 alh,
1134 2713 1242 2768 tamen
1257 2705 1443 2789 plerumque
1456 2706 1605 2790 vulgaria
1619 2713 1693 2771 sunt
1706 2717 1739 2771 et
1752 2726 1811 2770 usu
1825 2706 1912 2770 trita.

261 2795 354 2873 Quod
370 2801 529 2857 testantur
551 2811 647 2873 quum
661 2790 791 2854 nomina
806 2791 1006 2855 Terentiana
1021 2799 1086 2854 tum
1102 2792 1282 2874 fragmenta
1295 2792 1375 2875 ipsa,
1398 2811 1530 2873 quornm
1545 2793 1683 2872 nomina,
1701 2793 1761 2857 etsi
1774 2793 1913 2856 collecta

262 2881 377 2960 habeo,
399 2880 430 2943 h.
452 2878 472 2941 l.
495 2879 641 2961 prolerre
662 2877 868 2959 supersedeo.
914 2878 1057 2954 Quocum
1083 2886 1237 2961 exparte
1264 2877 1424 2942 consentit
1448 2877 1584 2943 Ritsehl.
1607 2878 1677 2942 Ind.
1698 2880 1802 2943 Bonn.
1830 2899 1861 2961 p.
1880 2879 1912 2958 4,

259 2966 314 3049 qui
337 2966 415 3048 quin
437 2984 478 3029 ex
499 2983 539 3027 eo
561 2981 681 3048 genere
702 2962 852 3028 universo
873 2963 932 3027 illa
945 2962 1097 3047 petiverit
1116 2971 1225 3047 poeta,
1253 2963 1340 3047 qnod
1360 2964 1539 3046 Menandri,
1560 2964 1766 3045 Philemonis,
1793 2963 1914 3047 Diphili

261 3059 505 3133 ceterorumque
526 3049 720 3113 comicorum
732 3048 879 3132 exemplo
895 3057 929 3113 et
939 3049 1131 3113 auctoritate
1147 3050 1357 3131 contineatur,
1372 3070 1436 3114 non
1453 3050 1587 3130 dubitat,
1602 3059 1742 3115 chaman
1754 3050 1912 3133 quaedam

258 3138 348 3202 illum
363 3138 478 3221 <ipsum
499 3135 631 3199 finxisse
663 3133 716 3198 vel
746 3135 842 3197 etiam
857 3134 1050 3217 joculariter
1072 3134 1198 3215 lusisse,
1230 3135 1277 3199 ita
1303 3146 1419 3216 umen,
1456 3144 1491 3200 nt
1516 3144 1604 3201 reete
1637 3144 1670 3201 et
1695 3136 1814 3200 rationi
1841 3155 1915 3200 con·

259 3224 425 3288 venienter
445 3221 583 3302 finxerit,
606 3220 764 3285 concedit.

345 3309 518 3375 Terentius
541 3314 647 3372 autem
668 3307 714 3369 ita
736 3306 812 3390 egit,
843 3311 877 3368 ut
896 3306 1042 3388 personis
1059 3306 1190 3369 nomina
1210 3306 1374 3385 tribueret,
1397 3326 1530 3389 quornm
1552 3308 1642 3371 notio
1664 3307 1860 3390 appellativa
1880 3306 1914 3370 in

258 3415 431 3479 personam
453 3393 611 3479 agendam
632 3392 822 3474 quadraret5
846 3392 914 3472 sed,
935 3411 1030 3474 quum
1045 3392 1139 3456 tardo
1163 3402 1249 3457 esset
1262 3393 1403 3476 ingenio,
1425 3394 1541 3477 partim
1555 3394 1685 3457 nomina
1705 3392 1914 3458 usitatissima

258 3481 390 3564 recapit,
413 3481 530 3564 partim
553 3477 641 3558 talia,
670 3497 753 3560 quae
774 3485 909 3562 propter
929 3497 1020 3541 usum
1041 3478 1196 3542 comicum
1217 3478 1311 3561 qnasi
1330 3479 1526 3562 appellativa
1547 3487 1641 3544 erant
1660 3479 1756 3566 saeta.
1799 3479 1913 3560 Neque

258 3587 337 3631 vero
358 3567 488 3631 uomina
507 3566 566 3630 illa
588 3565 696 3629 omnia
726 3584 767 3628 ex
788 3563 905 3628 fabulis
926 3564 1063 3647 graecis,
1090 3584 1168 3645 quas
1191 3564 1297 3645 vertit,
1321 3565 1400 3648 ipsis
1422 3566 1554 3647 recepit,
1586 3565 1644 3630 sed
1671 3586 1766 3649 quum
1787 3564 1913 3629 fabulas

258 3653 494 3718 contaminaret
514 3662 547 3715 et
568 3669 694 3734 semper
713 3669 923 3733 personarum
944 3649 1036 3733 paria
1056 3651 1200 3733 prolerre
1223 3660 1420 3730 consuesset,
1443 3651 1539 3715 etiam
1559 3671 1600 3714 ex
1621 3650 1692 3715 aliis
1713 3650 1825 3733 traxit;
1848 3670 1914 3713 mu·

256 3738 364 3804 tuerit
379 3738 474 3802 etiam
497 3758 517 3801 a
536 3737 654 3800 Plauto
670 3737 788 3800 Bacch.
808 3736 853 3800 II.
869 3736 898 3800 3.
918 3736 961 3800 50
982 3756 1098 3800 nomen
1115 3736 1349 3801 Archidemidis
1371 3735 1489 3820 (uuna,
1515 3756 1556 3800 ex
1578 3737 1774 3802 Truculento
1795 3754 1912 3801 nomen

258 3823 433 3890 Archilidis
456 3823 571 3906 (Andr.
592 3823 619 3886 I.
634 3824 665 3886 4.
683 3821 726 3906 1).
770 3822 884 3904 Neque
899 3841 973 3886 raro
989 3822 1052 3886 illia
1067 3822 1192 3887 omissis
1208 3822 1273 3887 alia
1287 3822 1451 3886 substituit
1469 3822 1579 3886 itidem
1594 3822 1766 3907 Graecast)
1796 3823 1913 3902 Itaque

258 3910 292 3975 in
313 3909 478 3990 Eunucho,
502 3909 556 3973 ubi
578 3908 748 3972 Menandri
769 3908 896 3972 fabulas
913 3906 1064 3973 Colacem
1086 3918 1120 3972 et
1132 3908 1320 3972 Eunuchum
1334 3909 1574 3989 contaminavit,
1593 3928 1753 3993 personae
1767 3907 1912 3991 parasiti,

257 4015 342 4078 quae
362 3996 429 4059 illic
451 3994 580 4059 nomine
602 3993 831 4058 delicatissim0
853 3996 1015 4073 Στρουθίας
1037 3993 1163 4074 dicitur,
1196 4013 1313 4058 nomen
1339 3994 1536 4059 tritissimum
1557 3995 1761 4061 Gnathonem
1785 3992 1912 4073 indidit,

259 4081 352 4145 militi
372 4081 551 4160 Menandri,
574 4080 626 4144 cui
647 4089 697 4144 est
709 4079 791 4143 Biae
805 4099 932 4160 nomen,
949 4079 1126 4144 Thrasonia
1139 4098 1257 4143 nomen
1276 4081 1439 4164 imposuit;
1461 4081 1571 4145 Davus
1588 4080 1757 4146 Menandri
1776 4087 1915 4142 vocatur

258 4167 429 4246 Parmeno,
458 4165 703 4231 Chaerestratus
726 4165 854 4228 nomine
880 4164 1060 4229 Phaedriae
1081 4173 1224 4246 ornatur,
1255 4165 1402 4250 Chrysidi
1427 4186 1544 4231 nomen
1566 4167 1699 4232 Thaidis
1726 4165 1822 4229 datur
1853 4164 1913 4228 cfr.

259 4252 367 4318 Gloss.
387 4260 464 4317 vett.
479 4253 569 4316 Pers.
584 4251 653 4316 Sat.
668 4251 710 4315 V.
727 4251 787 4316 161
811 4250 970 4330 Duebner,
991 4251 1140 4315 Meineke
1155 4251 1240 4315 Men.
1254 4273 1285 4336 p.
1297 4253 1353 4334 673
1374 4250 1524 4317 Chremes
1538 4261 1645 4317 autem
1658 4270 1723 4316 non
1736 4251 1915 4334 respondet

255 4335 407 4420 Ἀγροίκῳ.
450 4338 576 4403 Deinde
598 4338 770 4402 Micionem
786 4335 931 4400 Terentii
945 4335 1035 4419 (Ad.)
1057 4357 1078 4400 a
1091 4337 1269 4403 Menandro
1284 4338 1464 4421 Lampriam
1477 4345 1626 4403 vocatum
1647 4337 1745 4403 luisse
1760 4337 1912 4402 Meinelre

247 4423 280 4489 l.
303 4445 330 4489 c.
346 4425 411 4508 pi
434 4424 585 4489 evincere
605 4423 737 4487 studuit.
782 4422 840 4486 list
855 4422 960 4504 etiam,
981 4423 1035 4486 ubi
1057 4421 1227 4488 Terentius
1250 4423 1387 4505 nomine,
1410 4424 1497 4507 quod
1518 4434 1589 4488 arat
1608 4423 1642 4487 in
1656 4442 1774 4508 graeca
1789 4422 1912 4503 sabula,

331 4608 353 4676 ¹)
371 4608 428 4660 Tar.
445 4608 524 4663 Andr.
544 4608 562 4659 l.
584 4613 606 4664 l.
625 4610 657 4664 59
677 4611 724 4661 tria
741 4609 869 4673 ejusmodl
889 4609 1005 4676 protulit.
1050 4610 1075 4677 ι)
1093 4611 1139 4662 eir.
1158 4612 1234 4661 etiam
1253 4626 1279 4677 p.
1296 4610 1320 4661 t.
1365 4609 1389 4677 ³)
1407 4609 1444 4660 Ea
1463 4609 1548 4659 omnia
1571 4610 1598 4659 in
1616 4609 1702 4661 indies
1720 4609 1786 4679 algle
1815 4607 1834 4640 ‘·
1858 4626 1910 4660 no-

258 4685 307 4729 tata
326 4686 392 4730 sunt.
427 4678 451 4744 ⁴)
473 4678 511 4728 lle
523 4677 653 4730 Sannione
671 4680 718 4735 alr.
739 4695 760 4734 s.
779 4696 803 4734 v.
822 4678 929 4731 Storaee
947 4681 993 4736 alr.
1006 4696 1027 4732 a.
1046 4695 1071 4735 ν.
1108 4680 1132 4746 ⁵)
1150 4678 1326 4741 eir.Bacehia,
1344 4677 1535 4745 Stratophanes,
1558 4677 1661 4730 simmia
1680 4678 1721 4731 all.
1758 4680 1783 4746 ⁸)
1803 4629 1911 4733 Minius

257 4749 282 4798 in
303 4746 444 4815 pandectis,
464 4745 546 4798 llnllio
565 4748 611 4798 etr.
624 4746 768 4805 cialiaaa.
787 4763 854 4804 com,
872 4747 916 4799 llll
943 4748 986 4811 2⁰,
1002 4748 1067 4800 Phil.
1079 4748 1111 4804 ll.
1124 4750 1146 4799 d.
1165 4749 1202 4811 lb,
1216 4747 1367 4810 deluimus,
1387 4747 1562 4800 Philematium
1574 4746 1615 4803 all.
1651 4749 1677 4815 7)
1695 4747 1804 4816 llarpu,
1817 4747 1911 4814 Lycus,

258 4815 397 4868 Peniculus
415 4815 456 4871 all.
494 4817 518 4884 Ι)
535 4816 652 4868 Mainalia
672 4817 703 4868 Ι)
722 4833 746 4884 p.
771 4818 825 4880 tto,
846 4816 892 4870 121
914 4827 963 4870 ete.
1000 4819 1025 4886 ⁹)
1044 4817 1139 4870 hitaehl
1158 4816 1206 4871 nn.
1224 4816 1287 4872 Ιυυ.
1307 4817 1325 4868 l.
1345 4834 1370 4885 p.
1384 4818 1431 4878 ⁴83
1450 4816 1494 4869 ubi
1512 4817 1545 4867 de
1563 4815 1713 4871 Philumena
1731 4825 1758 4870 et
1778 4816 1911 4886 Pamphila

247 4885 339 4938 etiem
357 4885 470 4937 nondum
489 4885 520 4937 ad
541 4888 660 4938 amussim
675 4886 812 4951 judicatur.
