4358 5812
1178 281 1347 346 ..20-

475 466 707 553 antiphrasim)
735 466 871 533 inditum
895 467 979 532 idam
1004 467 1072 533 fere
1098 466 1259 551 significat
1283 478 1380 552 atque
1413 469 1582 552 ἐργάσιμοςς
1610 472 1718 538 fictam
1745 483 1796 539 oet
1823 496 1843 539 a
1867 475 1985 542 Plauto
2006 456 2095 563 ipso,

498 576 571 619 uum
592 552 701 618 fabula
722 571 851 638 graeca,
872 573 967 635 quam
988 554 1130 618 imitatus
1143 562 1202 636 est,
1223 575 1293 620 earn
1331 575 1480 622 creonam
1495 557 1644 623 babuisse
1665 577 1730 623 non
1746 560 1902 627 videatur.
1945 563 1988 629 lit
2002 564 2091 647 quod
2153 572 2158 578 '

474 576 590 706 {adue
610 640 637 705 Ι.
661 641 690 704 l.
713 641 730 705 l
754 637 923 719 ,Scortum‘
946 639 1071 721 dicitur,
1092 659 1210 723 graece
1231 651 1281 705 est
1299 576 1460 725 237ch,
1481 645 1665 710 meretrices
1680 646 1764 710 onim
1779 645 1929 728 ἐργάσιμα
1948 648 2095 735 appella·

466 728 638 811 -bantur;²)
661 724 760 790 scorti
781 733 888 789 autem
909 726 1038 790 nomine
1059 745 1132 789 oum
1148 725 1303 809 juventus
1330 729 1466 809 ornavit,
1499 731 1595 812 quod,
1623 742 1659 796 ut
1682 740 1823 797 acanum
1851 733 2021 800 invocatur
2046 736 2091 801 ad

475 833 597 896 cenam,
618 813 688 896 ipse
709 811 860 875 veniebat
882 811 1070 891 ,invocatus‘
1092 813 1112 875 i.
1136 831 1164 876 e.
1186 832 1251 876 non
1272 813 1435 878 invitatus.

415 897 802 981 ·Gelasimus.³)1pee,
824 897 910 978 quod
924 896 995 978 jam
1017 897 1071 961 diu
1090 898 1259 963 invocatus
1280 900 1386 979 fuerit,
1409 900 1554 965 nominat
1575 922 1610 965 se

416 980 698 1069 ,Miccotrogus
719 983 740 1046 i.
764 1002 792 1046 e.
813 1004 899 1063 μικρο
921 1019 962 1029 -
985 990 1018 1047 et
1039 1006 1115 1063 τρωγ
1134 1021 1176 1030 -
1197 984 1431 1068 Paucirodus⁴)
1446 987 1467 1050 i.
1482 1005 1510 1050 e.
1527 987 1581 1069 qui
1594 1006 1696 1072 parva
1710 995 1744 1050 et
1756 1006 1861 1070 pauca
1873 992 1969 1073 rodit,
1992 1013 2093 1076 quum:

474 1072 516 1137 ad
537 1070 643 1137 lautae
671 1067 783 1153 epulas
802 1088 867 1132 non
883 1068 1035 1133 invitetur
1060 1069 1116 1133 cir.
1142 1070 1402 1155 Mimo-phagus.
1447 1073 1548 1150 Quum
1572 1073 1631 1137 AB
1653 1074 1873 1159 Miccotrogus
1899 1080 2090 1162 praebeant,

473 1158 705 1240 Microtrogum
727 1154 824 1218 scribi
843 1173 908 1218 non
930 1153 1108 1238 oportet;·'’)
1131 1156 1187 1220 cfr.
1210 1176 1240 1240 p.
1263 1158 1312 1222 19.

431 1243 650 1309 Peniculus.
694 1241 779 1305 Meu.
794 1239 820 1304 1.
839 1241 867 1304 1.
885 1244 912 1322 1,
935 1242 1095 1306 laventus
1110 1261 1226 1306 nomen
1240 1242 1317 1307 iecit
1330 1242 1485 1307 Peniculo
1496 1244 1582 1325 mihi,
1604 1243 1683 1308 Ideo
1699 1245 1775 1328 quia
1790 1266 1942 1329 mensam,
1958 1250 2089 1332 quando

475 1332 547 1410 ed0,
563 1328 729 1411 detergeo‘
745 1326 801 1391 cfr.
817 1325 1105 1410 Herosoouoyyocfi)

432 1415 608 1498 Saturio,
631 1421 736 1477 utrum
757 1429 875 1476 nomen
894 1411 1029 1477 latinum
1051 1413 1084 1486 (a
1106 1412 1229 1495 ,satur‘)
1252 1434 1292 1479 an
1314 1414 1398 1479 idem
1418 1415 1469 1496 sit,
1496 1416 1583 1499 quod
1604 1417 1764 1496 Σατυρίων,
1791 1417 1833 1482 de
1855 1418 1943 1501 crq‘us
1970 1427 2095 1504 emmo·

473 1502 563 1586 logia
583 1501 639 1565 cir.
662 1498 790 1563 Bensel.
812 1517 837 1562 s.
860 1519 902 1579 a,
924 1499 1063 1563 dubitari
1084 1506 1204 1582 potest

432 1587 656 1653 Charmides
678 1584 845 1665 Rudentie,
869 1604 963 1666 quem
984 1585 1057 1649 edd.
1080 1585 1126 1649 ita
1146 1593 1274 1666 vocant,
1296 1586 1455 1668 parasitus
1477 1605 1541 1649 non
1562 1597 1621 1650 est.

432 1673 634 1740 Terentiani:

429 1760 592 1825 Gnatho.
635 1757 762 1821 Nomen
793 1755 1008 1838 parasitorum
1033 1774 1108 1821 noa.
1142 1776 1223 1822 corn.
1249 1757 1548 1840 frequentissimum,
1582 1757 1666 1822 unde
1698 1756 1784 1823 Plut
1819 1780 1898 1825 mor.
1931 1781 1962 1845 p.
1997 1762 2075 1828 707·

469 1845 643 1924 yvatlslaaos
663 1843 684 1907 i.
707 1862 735 1906 e.
756 1861 808 1923 ,ex
834 1861 921 1905 more
945 1842 1169 1925 parasitorum‘
1196 1851 1230 1907 et
1257 1843 1338 1908 Eun.
1365 1843 1408 1907 II.
1435 1845 1466 1908 2.
1491 1844 1534 1909 32
1556 1863 1627 1925 sqq.
1656 1842 1701 1925 ,Si
1722 1845 1809 1927 potis
1837 1856 1896 1927 eet,
1925 1856 2092 1930 tamquam

471 1931 733 2016 philosophorum
755 1929 875 1992 babent
888 1928 1077 2011 disciplinae
1090 1948 1132 1993 ex
1144 1928 1223 2012 ipsis
1237 1929 1419 2008 Vocabula,
1439 1930 1576 2012 parasiti
1590 1930 1636 1994 ita
1651 1936 1686 1994 ut
1700 1929 1894 1997 Gnathonici
1910 1936 2093 2017 vocenbrr‘,

471 2018 647 2082 derivatum
662 2023 713 2079 aet
727 2010 874 2091 αγνοῖθος
886 2013 1079 2095 mandibula,
1097 2022 1133 2079 ut
1143 2014 1303 2097 significet
1313 2016 1472 2080 hominem
1481 2017 1622 2097 edacem,
1637 2013 1719 2076 οὐδὲν
1729 2016 1801 2077 ἄλλο
1815 2017 1884 2079 ὄντα
1899 2017 2087 2103 irritem)
2161 2060 2164 2065 -

470 2104 490 2167 i.
514 2124 544 2186 q.
559 2102 659 2167 latine
681 2109 731 2165 est
745 2099 853 2165 Bucco
874 2100 908 2183 (a
922 2099 1058 2184 buccae)
1073 2101 1254 2182 Pausback,
1276 2101 1329 2165 vel
1343 2102 1463 2165 Mando
1479 2102 1634 2183 Kauer.⁸)
1656 2101 1796 2186 Reliqua
1814 2105 1954 2185 nomina,
1970 2105 2087 2171 suffixo

470 2185 692 2338 ampliatiqqll
713 2185 809 2267 sacta,
831 2193 905 2251 sunt
927 2186 1028 2268 Crito,
1051 2187 1183 2269 Dromo,
1206 2187 1378 2271 Blepharo,
1400 2189 1516 2269 Jacho,
1538 2187 1668 2270 Liparo,
1696 2188 1794 2273 Lyco,
1823 2189 1957 2275 Pelago,
1985 2191 2091 2275 Simo,

470 2276 593 2355 Strato,
666 2292 752 2337 raso.

427 2361 620 2426 Phormio.
664 2359 783 2422 Donat.
806 2359 920 2440 praei:
944 2356 1053 2439 ,Nulla
1071 2359 1229 2424 dubitatio
1251 2367 1301 2422 eet
1325 2392 1358 2404 -
1384 2378 1492 2423 errare
1515 2378 1582 2438 eos,
1605 2360 1659 2442 qui
1683 2396 1722 2406 -
1748 2359 1974 2427 Phormionem
1996 2382 2097 2447 parer

466 2447 561 2513 eitum
577 2451 691 2530 putant
705 2464 725 2510 a
739 2443 876 2507 formula
886 2444 962 2525 litis,
978 2464 1073 2527 quam
1084 2445 1267 2524 intenderit,
1284 2445 1489 2525 nominatum,
1507 2464 1603 2528 quum
1615 2445 1744 2509 Graeca
1759 2445 1871 2530 lingua
1886 2447 1981 2513 fiscus
1997 2469 2092 2533 spar-

468 2542 540 2598 teus
562 2539 596 2596 et
615 2539 757 2597 stramen
782 2530 945 2595 nauticum
967 2531 1014 2595 sic
1035 2530 1210 2613 dicatur‘'⁰)
1245 2552 1265 2594 a
1287 2530 1375 2611 cujus
1397 2532 1446 2594 rei
1471 2530 1524 2594 vel
1547 2532 1727 2614 capacitate
1753 2532 1806 2595 vel
1835 2533 1960 2599 vilitate
1989 2536 2088 2601 etiam

469 2620 510 2684 ab
533 2617 737 2702 Apollodoro
759 2616 919 2699 parasitus
934 2615 1138 2681 Phormionis
1152 2615 1281 2681 nomine
1291 2619 1501 2700 nuncupatur‘
1513 2625 1546 2680 et
1559 2616 1690 2701 prolog:
1712 2619 1810 2701 ,Ergo
1825 2619 1900 2684 inde
1913 2621 2088 2705 parasitus,
2126 2610 2138 2639 κ

467 2705 641 2769 vilissimae
663 2701 857 2767 conditionis
879 2702 984 2783 homo,
1006 2722 1123 2767 nomen
1147 2704 1333 2786 accepit‘.¹¹)
1814 2724 1817 2731 ·

512 2791 582 2876 §8.
626 2787 830 2872 Militesll)

310 2898 312 2903 ·
425 2876 716 2960 Antamynidea3
750 2875 791 2938 de
818 2873 885 2956 qius
915 2874 1056 2938 moribus
1084 2874 1140 2938 cfr.
1163 2876 1264 2939 Poen.
1289 2874 1331 2938 Π.
1357 2875 1385 2938 1.
1410 2873 1453 2938 25
1480 2891 1550 2956 sqq.
1595 2872 1719 2938 Nomen
1743 2875 1775 2938 in
1797 2874 1868 2957 ipsa
1889 2876 1998 2942 sabula
2019 2898 2093 2944 urso

467 2963 542 3029 loco
563 2962 683 3046 legitur
707 2961 749 3024 V.
772 2959 803 3025 b.
826 2960 877 3040 43,
900 2959 954 3022 ubi
974 2960 1033 3023 AB
1055 2961 1298 3042 Antamonides,
1327 2959 1352 3024 G
1375 2959 1615 3039 antomouedes,
1647 2959 1677 3023 D
1704 2961 1973 3041 anthomonedes;
1998 2963 2041 3029 IL
2066 2966 2086 3029 1

415 3104 420 3113 .
466 3052 497 3114 A
519 3046 774 3127 Antamoinides,
797 3044 883 3109 BOD
903 3047 1153 3126 Antamonedes,
1177 3047 1245 3113 Vb
1265 3049 1296 3111 A
1317 3050 1437 3110 Antam
1460 3093 1531 3126 ...,
1560 3045 1588 3108 Β
1611 3046 1874 3111 Antemoenides.
1920 3048 2008 3127 Quas
2023 3049 2095 3115 lec-

467 3136 573 3200 tiones
595 3154 690 3216 qunm
709 3132 957 3212 consideremus,
978 3131 1087 3196 mirari
1106 3152 1184 3197 sane
1205 3133 1291 3211 licet,
1314 3132 1368 3214 qui
1397 3130 1467 3194 fieri
1493 3132 1642 3214 potuerit,
1667 3140 1703 3196 ut
1724 3132 1797 3196 edd.
1820 3143 1909 3213 vett,
1940 3130 2094 3218 Reatini,

467 3220 670 3301 Beneelerus,
693 3219 820 3282 Brixius
836 3216 891 3281 all.
905 3218 1179 3293 ,Anthemonidas‘
1202 3217 1360 3301 fingerent
1376 3225 1409 3281 ct
1422 3224 1650 3301 propagarent.
1696 3218 1790 3295 Quod
1804 3237 1920 3284 nomen
1942 3221 2003 3285 etsi
2017 3241 2089 3287 uon

468 3329 538 3373 cum
561 3304 750 3384 Ritschelio,
773 3303 827 3386 qui
849 3304 890 3367 ab
906 3303 1034 3379 ἅνθιμον
1054 3323 1135 3368 sena
1152 3305 1279 3369 ratione
1299 3301 1523 3380 Ἀνθεμωνίδηε
1539 3302 1609 3367 lieri
1623 3323 1688 3367 non
1703 3323 1800 3386 posse
1822 3307 1942 3385 statuit,
1958 3307 2090 3393 origine

467 3394 580 3458 falsum
602 3391 790 3476 putaverim,
813 3410 907 3472 quum
929 3397 965 3453 ut
985 3390 1027 3452 ab
1048 3389 1177 3468 ἄιθεμον
1195 3388 1374 3468 Ἀνθεμίων,
1397 3386 1583 3466 §limpidam
1603 3390 1649 3453 ita
1666 3390 1707 3453 ab
1727 3386 1888 3467 ‘Avtspav
1907 3393 1963 3456 cfr.
1976 3390 2095 3455 ’Aves-

466 3478 548 3557 μώνη
562 3478 715 3542 formetur
726 3473 959 3555 Ἀνθτμωνίδης,
973 3483 1080 3539 tamen
1095 3475 1165 3558 εἰη)
1181 3477 1341 3540 assentior
1356 3474 1489 3539 notione
1503 3474 1592 3539 illam
1602 3475 1737 3538 formam
1752 3476 1984 3558 ineptissimam
2000 3497 2087 3562 esse,

469 3565 586 3648 quippe
606 3582 689 3645 quaa
705 3562 832 3627 minime
848 3569 969 3625 trucem
983 3561 1124 3626 indolem
1140 3562 1248 3626 militis
1263 3561 1435 3647 significet,
1457 3561 1595 3643 denique
1616 3561 1712 3624 codd.
1735 3563 1929 3627 auctoritate
1950 3584 2087 3648 prorsus

467 3649 659 3715 destituitur.
704 3648 846 3726 Quorum
868 3666 908 3711 ex
922 3648 1067 3730 vestigiis
1087 3648 1249 3731 profectus
1270 3648 1464 3712 Ritschelius
1484 3667 1594 3711 verum
1615 3665 1687 3710 osse
1701 3666 1818 3711 nomen
1833 3651 2000 3714 contendit
2020 3655 2089 3717 Au·

466 3735 666 3801 tamoenides
687 3731 903 3811 'Aaapovtduc
934 3733 981 3797 ita
1008 3740 1043 3797 ut
1069 3735 1200 3818 egregie
1227 3734 1335 3799 militia
1361 3732 1593 3810 (ἶνιαμυνομένου
1624 3733 1733 3816 imago
1763 3733 1943 3802 denotetur.
1987 3736 2088 3815 Quod

466 3841 584 3887 nomen
603 3821 773 3884 formatum
795 3828 845 3884 est
865 3825 901 3883 ut
917 3817 1098 3896 Ἐπιμενίδης
1114 3823 1314 3901 Παρμενίσκος
1329 3829 1390 3884 etc.
1434 3818 1590 3901 liquidem
1611 3818 1817 3900 praetulerim
1833 3821 2085 3931 'Antamqnides3

461 3909 502 3973 de
527 3906 665 3972 banaitu
690 3905 810 3990 longae
833 3905 956 3970 vocalis
984 3931 999 3965 v
1024 3905 1057 3968 in
1079 3925 1128 3987 oe,
1156 3926 1250 3987 quem
1275 3904 1471 3970 Ritscbeliue
1499 3904 1568 3967 siue
1588 3923 1687 3967 causa
1713 3906 1833 3986 statuit,
1867 3908 1923 3974 cir.
1944 3909 2085 3975 bcbncb.

465 3993 612 4077 Vulglet
643 3993 676 4056 II
698 4013 729 4076 p.
752 3991 815 4056 286
837 4010 917 4073 sqq,
940 3991 1018 4067 2883
1054 3992 1159 4056 Coras.
1186 3993 1287 4057 1710
1309 3998 1386 4070 not,
1411 3990 1444 4054 11
1467 3991 1508 4055 75
1529 3996 1607 4068 not,
1629 3990 1745 4056 deinde
1766 3991 1840 4055 libri
1866 3994 2012 4076 suadent,
2047 4002 2086 4061 ut

465 4079 709 4160 Antamonides,
736 4097 802 4141 non
826 4077 1079 4141 Antamoanides
1101 4079 1235 4142 formam
1260 4077 1445 4159 probemus;
1467 4073 1527 4139 illa
1544 4075 1666 4141 vocalis
1689 4079 1730 4157 ,o‘
1751 4084 1858 4142 autem
1885 4080 2009 4145 vitiosa·
2031 4090 2085 4147 est

466 4166 635 4315 chriptura,
657 4172 730 4229 orta
748 4162 834 4313 ἰηὲἰο,
857 4162 943 4243 quod
964 4163 997 4224 in
1008 4182 1082 4227 mss.
1105 4183 1164 4247 pro
1181 4165 1216 4244 ,v‘
1238 4161 1320 4226 falso
1343 4161 1545 4227 scribebatur
1566 4180 1606 4226 oe
1626 4162 1683 4227 cfr.
1697 4163 1808 4228 Fleck.
1825 4163 1865 4228 N.
1879 4165 1911 4229 J.
1927 4166 1970 4231 93
1982 4186 2014 4250 p.
2028 4166 2081 4234 13.

499 4271 559 4317 om.
584 4252 676 4316 deest
698 4271 748 4315 a.
802 4266 869 4313 ens.

424 4336 614 4403 Diabolus
648 4271 858 4418 ,Krapeclderss
892 4333 946 4416 qui
968 4352 1095 4398 amores
1116 4334 1305 4399 Demaeneti
1331 4333 1506 4398 deserendo
1529 4333 1658 4397 delevit.
1702 4331 1862 4398 Diabolus
1890 4334 1961 4400 edd
1982 4346 2089 4423 veta,

465 4422 621 4488 Diabolus
643 4424 771 4506 Fleck.;
793 4430 829 4486 at
848 4419 939 4503 prior
957 4418 1061 4484 forma
1081 4419 1244 4502 antiquior
1264 4428 1315 4485 est
1328 4420 1385 4485 cfr.
1400 4419 1508 4503 Ocres.
1529 4419 1562 4483 Π
1584 4441 1615 4504 p.
1641 4420 1712 4484 142.

364 4526 368 4533 ’
470 4529 661 4628 ‘ictae
688 4575 728 4626 sq.
755 4560 796 4614 aa.
838 4559 863 4625 ¹)
888 4557 1010 4610 smmis.
1038 4557 1056 4616 ι,
1087 4553 1127 4611 rs.
1174 4555 1198 4622 ³)
1224 4573 1248 4623 ρ.
1273 4559 1311 4614 ro.
1356 4559 1381 4626 ι)
1404 4557 1468 4610 risa
1497 4574 1522 4622 ρ.
1543 4557 1585 4613 ss.
1631 4556 1655 4623 ⁸)
1672 4557 1721 4612 en.
1743 4574 1769 4625 p.
1792 4557 1834 4613 as.
1878 4555 1903 4623 ο)
1928 4555 1982 4609 cn.
2007 4556 2083 4619 asa.

425 4628 459 4681 lx
476 4628 555 4684 222.
592 4630 617 4695 ⁷)
635 4629 746 4684 Lobeek.
765 4629 851 4696 pstbol
881 4629 939 4680 stet.
977 4629 999 4693 ⁸)
1019 4626 1057 4678 De
1077 4624 1212 4678 Gnstbone
1231 4637 1257 4678 et
1275 4629 1392 4696 parasitis
1410 4626 1533 4680 edacibus
1552 4624 1621 4681 Eun.
1640 4627 1706 4692 prol.
1724 4625 1766 4687 38,
1786 4625 1848 4684 buc.
1865 4625 1954 4682 linai
1980 4642 2007 4695 p.
2023 4628 2084 4681 ¹⁶8.

426 4714 451 4785 ·)
470 4715 564 4770 aucta.
584 4714 604 4766 u
625 4733 651 4784 ρ.
668 4715 726 4772 ssa.
744 4713 807 4766 ries
827 4732 851 4784 ρ,
871 4715 955 4769 xxiv.
996 4714 1031 4783 ιο)
1043 4696 1168 4779 suada.
1189 4719 1251 4805 opo
1285 4721 1335 4759 ov.-
1355 4714 1475 4765 eaomn
1492 4697 1621 4776 κόφινος·
1644 4699 1787 4776 παρῆκται
1807 4696 1839 4759 δὲ
1858 4692 1919 4757 duo*
1944 4700 1993 4758 τοῦ
2012 4718 2094 4782 css·

423 4790 493 4865 Μῧ·
527 4785 641 4868 Willis
679 4783 896 4859 dmdstfflwt·
952 4800 988 4869 ¹¹)
1008 4800 1063 4857 cic.
1076 4799 1161 4857 (lasci.
1177 4801 1215 4854 to.
1230 4801 1276 4857 27:
1294 4800 1372 4865 ,Sext
1385 4799 1501 4862 Clodius,
1514 4799 1555 4849 cui
1568 4812 1714 4866 conamen
1731 4806 1773 4849 est
1784 4798 1914 4860 Phormio,
1933 4814 1982 4850 uec
1993 4802 2084 4853 minas

424 4871 507 4940 niger,
531 4886 580 4923 nec
599 4872 681 4923 minus
699 4869 833 4922 confidens
857 4887 932 4938 qnam
951 4871 993 4923 ille
1011 4871 1178 4923 Terentianus
1197 4880 1237 4922 est
1255 4870 1391 4934 Phormio‘.
1429 4871 1491 4927 Ans.
1514 4868 1581 4935 Epp.
1606 4868 1641 4921 ‘22
1667 4884 1766 4931 ,cauus,
1794 4884 1925 4931 comosus,
1950 4868 2090 4935 hispidas,

423 4949 489 5005 bas,
507 4941 616 5004 attubus,
635 4940 801 4992 Terentianus
820 4938 950 4995 Phormio.
990 4941 1024 5005 ¹¹)
1042 4942 1088 4994 cir.
1107 4958 1133 5008 p.
1151 4944 1176 4996 8.
1216 4940 1253 5007 ¹⁸)
1271 4955 1389 5008 process.
1409 4938 1492 4992 Bona.
1514 4937 1579 4994 teas
1597 4955 1621 5004 p.
1641 4936 1685 4993 Vl.
1704 4953 1764 5006 sqq.

702 5052 707 5063 .
732 5027 744 5060 a
