4358 5812
305 1191 363 1283 be
394 1190 634 1283 nominibus
666 1191 862 1312 propriis,
892 1197 1130 1309 quaesunt
1161 1186 1276 1308 apud
1308 1185 1502 1279 Plautum
1534 1198 1577 1278 et
1607 1187 1865 1279 Terentium.

1066 1410 1182 1486 ἀλαζών
1203 1411 1260 1474 ἔστι
1281 1414 1393 1495 μάρτυρ
1414 1413 1430 1490 ἡ
1452 1412 1624 1492 impedierint
1645 1413 1783 1487 πολλάκις
1802 1411 1913 1490 ὁμοίως

1065 1501 1251 1580 μαρτυροῦσα
1272 1508 1330 1573 τοῖς
1351 1497 1486 1561 ια’ναντία
1507 1504 1627 1578 λέγουσι.
1726 1583 1835 1634 Galenus

982 1763 1189 1806 -aomoo—

315 1909 503 2097 &omine
526 2006 665 2070 hominis
686 2005 765 2070 nihil
786 2006 888 2088 magis
920 2008 1081 2090 proprium
1108 2026 1180 2071 esse
1205 2012 1326 2090 potest;
1360 2006 1428 2087 ejus
1454 2014 1504 2070 est
1533 2006 1574 2070 ab
1596 2005 1731 2069 introitu
1756 2005 1790 2068 in
1816 2004 1915 2068 vitam

259 2114 360 2180 usque
382 2093 424 2162 ad
445 2111 628 2174 excessum5
658 2092 811 2156 memoria
833 2092 900 2175 ejus
926 2092 958 2156 in
981 2093 1109 2157 nomine
1135 2092 1215 2157 vivit
1238 2092 1398 2175 vigetque.
1442 2092 1557 2174 Itaque
1578 2091 1669 2156 initio
1698 2091 1784 2175 apud
1805 2108 1915 2154 omnes

259 2184 397 2267 populos
417 2177 601 2242 nominibus
624 2179 763 2262 propriis
785 2187 906 2243 certam
929 2179 1089 2262 quandam
1110 2178 1207 2243 fuisse
1229 2179 1497 2260 notionemque,
1520 2178 1607 2260 cujus
1630 2185 1702 2242 erat
1714 2195 1841 2257 nomen,
1864 2195 1917 2239 na·

258 2274 331 2333 tura
351 2269 439 2333 natio
461 2264 627 2347 ingenium
650 2283 729 2347 opes
751 2263 806 2328 all.
839 2264 1086 2349 designarentur
1111 2263 1162 2328 vel
1183 2264 1254 2347 ipse
1276 2264 1406 2328 deorum
1429 2265 1683 2346 daemonumque
1709 2262 1830 2327 tutelae
1851 2280 1916 2326 ere·

258 2355 389 2419 deretur
410 2348 462 2416 vel
485 2350 604 2414 bonum
629 2369 723 2414 omen
745 2351 922 2415 innomine
944 2358 1040 2432 esset,
1063 2370 1156 2414 nemo
1173 2357 1224 2414 est
1245 2350 1321 2432 quin
1340 2370 1405 2414 non
1419 2349 1664 2434 ignoraverit.¹)
1708 2351 1816 2431 Atque
1831 2353 1917 2430 post·

257 2461 354 2523 quam
375 2439 502 2504 illarum
524 2435 796 2518 significationum
811 2438 964 2500 memoria
978 2436 1046 2519 jam
1063 2435 1193 2500 evanuit
1212 2456 1317 2518 nequo
1332 2436 1462 2500 nomina
1483 2435 1541 2500 ulli
1559 2437 1606 2500 rei
1629 2436 1838 2515 debebantur,
1854 2433 1917 2497 nisi

259 2527 392 2591 arbitrio
405 2531 585 2609 parentum,
608 2528 716 2586 tamen
731 2530 810 2602 erat,
834 2523 888 2586 nbi
902 2523 1009 2605 prisca
1024 2523 1223 2587 consuetudo
1239 2530 1412 2587 teneretur.
1456 2523 1496 2587 Id
1512 2522 1684 2606 praecipue
1698 2521 1733 2584 iu
1747 2519 1916 2586 comoedia

258 2613 458 2677 factumest.
503 2606 600 2689 Oqjus
631 2627 727 2690 quum
749 2607 792 2672 sit
815 2608 977 2692 proprium
1001 2607 1140 2675 officium
1171 2607 1269 2672 vitam
1292 2627 1398 2672 mores
1424 2627 1477 2673 res
1502 2609 1656 2672 humanas
1681 2608 1715 2670 in
1735 2606 1916 2671 universum

258 2699 443 2782 depingere,
466 2694 591 2780 typicas
614 2700 649 2757 ut
669 2694 716 2757 ita
736 2692 840 2758 dicam
855 2713 1011 2777 personas
1033 2695 1066 2758 in
1089 2714 1128 2758 ea
1148 2693 1256 2758 locum
1278 2693 1397 2758 habere
1418 2714 1552 2759 necesse
1574 2702 1632 2775 est,
1655 2693 1769 2776 quibus
1785 2691 1916 2757 nomine

258 2806 329 2850 cum
350 2788 489 2867 ipsarum
509 2779 650 2844 moribus
666 2779 721 2843 all.
744 2781 955 2863 congruentia
977 2787 1051 2845 sunt
1064 2778 1217 2863 danda.²)
1260 2779 1435 2844 Hominum
1450 2788 1556 2845 antem
1578 2782 1734 2862 vitaeque,
1747 2780 1916 2843 veritatem

219 2882 223 2889 '
257 2890 322 2935 non
344 2868 464 2952 effingi,
484 2864 543 2931 sed
563 2883 630 2928 rem
654 2884 673 2928 a
695 2865 833 2949 propriis
854 2866 1001 2949 personis
1022 2886 1061 2930 eo
1081 2866 1278 2949 temporibus
1302 2866 1343 2930 ad
1358 2867 1499 2930 universi
1519 2868 1647 2950 generis
1661 2866 1820 2930 rationem
1842 2882 1914 2929 esse

260 2956 441 3020 traductam
460 2957 578 3036 poe'tee
607 2951 720 3015 comici
743 2952 822 3034 ipsis
842 2953 1034 3033 nominibus,
1061 2971 1145 3034 quae
1167 2952 1311 3016 tribuunt
1338 2952 1484 3036 personis
1507 2953 1583 3033 suis,
1610 2953 1846 3018 demonstrant:
1883 2944 1917 3009 οὗ

257 3038 432 3120 στοχάζεται,
450 3035 554 3121 inquit
567 3037 771 3119 Aristoteles,
793 3037 1018 3122 segaoiseimus
1039 3037 1095 3101 ilie
1111 3039 1220 3101 harum
1236 3057 1342 3102 rerum
1356 3037 1565 3120 existimator,
1572 3038 1602 3120 ⁸)
1624 3035 1640 3114 ἦ
1656 3046 1766 3113 ποίησις
1782 3033 1914 3114 ὀνόματα

258 3125 440 3202 ἐπιτιθεμένη
457 3169 464 3185 .
480 3170 488 3184 .
505 3167 535 3183 ..
562 3119 611 3181 brt
630 3128 684 3199 μὲν
703 3121 754 3183 οὖν
776 3127 822 3199 τῆς
842 3120 997 3202 κωμῳδίας
1017 3120 1068 3200 ἤδη
1095 3127 1179 3183 τοῦτο
1200 3121 1286 3198 δῆλον
1310 3129 1434 3201 γέγονεν·
1456 3128 1639 3200 συστήσαντες
1664 3123 1720 3204 γάρ
1743 3122 1793 3183 τόν
1816 3124 1915 3199 μῦθον

259 3211 308 3272 δια
336 3216 393 3271 τῶν
418 3209 537 3272 εἰκότων
559 3206 634 3268 οὕτω
660 3208 696 3268 τά
721 3208 840 3288 τυχόντα
865 3206 999 3284 ὀνόματα
1026 3207 1206 3270 ἐπιτιθέασιν
1233 3215 1282 3268 καί
1308 3205 1359 3288 οὔχ
1384 3209 1483 3290 ὥσπερ
1515 3212 1543 3271 oi
1566 3213 1739 3288 ἰαμβοποισι
1770 3214 1836 3289 περὶ
1861 3212 1918 3268 τῶν

258 3293 330 3356 καθ’
341 3300 458 3356 ἕκαστον
480 3296 619 3355 ποιοῦσιν.
663 3294 746 3358 item
767 3293 948 3377 Donatus⁴)
968 3295 1116 3379 personis
1138 3295 1268 3360 comicis
1283 3294 1414 3360 nomina
1434 3315 1532 3379 saepe
1554 3295 1710 3378 ejusmodi
1731 3313 1803 3358 esee
1818 3292 1921 3359 indita

258 3382 390 3460 monuit,
413 3401 496 3463 quae
512 3389 621 3444 eorum
642 3379 736 3444 fectis
752 3379 865 3446 officiis
884 3381 1025 3446 moribus
1041 3381 1096 3445 all.
1113 3381 1355 3465 responderent.
1393 3379 1551 3462 ,Nomina
1565 3382 1677 3464 inquit,
1698 3399 1918 3465 personarum,

258 3469 292 3532 in
315 3467 489 3531 comoediis
515 3467 683 3545 duntexat,
712 3466 832 3530 habere
860 3467 979 3532 debent
999 3468 1158 3532 rationem
1183 3474 1216 3531 et
1238 3466 1476 3551 etymologiam.
1520 3468 1648 3533 Etenim
1675 3466 1847 3532 absurdum
1870 3473 1921 3532 est

260 3554 416 3618 comicum
437 3559 548 3636 aperte
571 3559 762 3633 argumente
784 3552 970 3636 confingere
990 3552 1044 3616 vel
1059 3572 1174 3617 nomen
1196 3572 1356 3636 personae
1377 3554 1586 3637 incongruum
1603 3553 1681 3616 dare
1703 3552 1756 3617 vel
1771 3552 1918 3634 officium,

259 3638 347 3722 quod
367 3639 410 3702 sit
431 3657 451 3702 a
469 3638 598 3702 nomine
614 3637 796 3703 diversum‘
843 3640 987 3716 Quocum
1007 3638 1087 3703 facit
1099 3638 1381 3721 Qumctilianus,⁶)
1404 3639 1467 3722 qui,
1489 3659 1584 3720 quum
1604 3638 1753 3722 frigidum
1767 3639 1919 3719 nominet,

260 3725 288 3789 si
309 3725 343 3787 in
366 3723 542 3807 tragoediis
568 3743 685 3788 nomen
707 3724 872 3807 proprium
900 3732 936 3788 ut
957 3731 1181 3806 argumentum
1203 3744 1325 3788 morum
1348 3731 1526 3808 usurpetur,
1560 3726 1725 3805 ,docorum
1745 3733 1853 3790 tamen
1874 3724 1920 3788 ait

260 3830 363 3878 exeo
396 3810 595 3891 frequentem
626 3810 794 3874 materiam
821 3810 914 3874 esse‘
958 3812 1066 3891 Atque
1091 3809 1277 3894 Lessingius
1312 3810 1353 3874 de
1381 3810 1494 3874 eadem
1519 3829 1555 3874 re
1587 3811 1667 3875 haec
1694 3808 1918 3894 disputavit⁶):

259 3896 330 3978 ,Die
346 3894 499 3960 Oomodie
521 3897 586 3978 gab
608 3897 699 3959 ihren
714 3895 880 3960 Personen
896 3894 1030 3974 Numen,
1055 3896 1175 3960 welche
1191 3908 1343 3979 vermoge
1356 3897 1446 3960 ihrer
1459 3897 1726 3979 grammatischen
1742 3897 1919 3978 Ableitung

258 3982 323 4045 und
338 3981 696 4065 Zusammensetzung⁷)
712 3981 794 4045 oder
808 3982 889 4046 auch
903 3981 1070 4066 sonstigen
1085 3981 1277 4064 Bedeutung
1290 3981 1342 4046 die
1359 3982 1617 4047 Beschaffenheit
1630 3983 1738 4047 dieser
1751 3983 1917 4046 Personen

260 4067 492 4149 ausdruckten3
515 4066 571 4130 mit
587 4066 691 4131 einem
707 4068 830 4148 Worte,
854 4068 901 4132 sie
922 4069 987 4152 gab
1002 4069 1098 4131 ihnen
1113 4067 1255 4132 redende
1270 4067 1404 4148 Numen,
1427 4068 1562 4150 Namen,
1585 4069 1637 4134 die
1653 4089 1726 4133 man
1748 4069 1919 4132 nurhoren

261 4152 375 4233 durite,
399 4173 450 4216 um
472 4150 619 4236 sogleich
641 4173 682 4220 zu
701 4154 829 4235 nissen,
851 4173 916 4218 von
938 4152 1079 4218 nelcher
1092 4157 1154 4218 Art
1175 4154 1228 4217 die
1247 4154 1317 4218 sein
1333 4154 1475 4235 niunden,
1498 4155 1549 4219 die
1566 4156 1614 4219 sie
1636 4155 1758 4219 flihren.
1779 4189 1821 4198 -
1843 4152 1919 4217 Man

260 4237 335 4301 dart
353 4260 413 4302 nur
431 4239 484 4302 die
506 4237 633 4303 Numen
654 4238 709 4302 bei
728 4238 862 4304 Plautus
885 4240 949 4303 und
971 4239 1095 4304 Terena
1116 4240 1339 4305 untersuchen.
1382 4239 1434 4305 Da
1454 4240 1524 4305 ihre
1539 4239 1660 4307 Stiioke
1681 4241 1745 4305 elle
1767 4258 1824 4302 aue
1847 4238 1919 4304 dem

263 4322 491 4389 Grieohischen
513 4342 706 4408 genommen
728 4324 811 4406 sind,
839 4345 875 4390 so
898 4325 970 4389 sind
993 4326 1074 4390 auch
1099 4325 1151 4390 die
1170 4325 1296 4391 Numen
1322 4325 1410 4391 ihrer
1430 4326 1597 4392 Personen
1622 4325 1842 4411 griechischen
1861 4324 1922 4390 Ur·

262 4408 444 4493 sprungs,⁸)
472 4410 536 4474 und
560 4409 669 4473 haben
696 4410 755 4474 der
776 4410 981 4495 Etymologie
1003 4411 1085 4476 nach
1105 4413 1218 4476 immer
1250 4412 1322 4477 eine
1344 4413 1528 4496 Beeiehung
1559 4412 1618 4476 anf
1637 4412 1701 4475 den
1722 4410 1834 4492 Stand,
1866 4411 1919 4475 die

260 4493 493 4578 Denkungsart
508 4496 589 4560 oder
607 4495 763 4560 aufsonst
777 4506 889 4579 etwas,
905 4516 972 4562 was
988 4497 1077 4561 diese
1088 4497 1255 4562 Personen
1269 4497 1327 4563 mit
1339 4499 1505 4563 mehreren
1521 4497 1648 4580 gemein
1661 4497 1767 4561 haben
1780 4496 1919 4578 konnen,

262 4599 355 4644 wenn
379 4581 439 4642 wir
459 4582 560 4646 sehon
581 4580 696 4646 solche
716 4581 866 4682 Etpmolo
890 4583 921 4647 ie
941 4582 1031 4647 nicht
1050 4583 1162 4647 immor
1182 4583 1257 4649 kler
1277 4584 1342 4648 und
1363 4584 1469 4648 sicher
1489 4583 1637 4667 angeben
1650 4581 1800 4648 konnen‘
1843 4581 1919 4666 Ed)

262 4666 341 4748 ,Der
361 4667 701 4750 grossspreeherisehe
727 4667 812 4751 ierge
833 4604 950 4734 Soidat
974 4668 1059 4734 hiess
1081 4669 1182 4734 daher
1202 4669 1291 4735 nicht
1316 4670 1377 4733 wie
1399 4667 1506 4734 dieser
1530 4669 1612 4734 oder
1624 4666 1720 4751 jener
1739 4669 1918 4733 Anfiihrer:

334 4818 355 4886 ¹)
374 4815 676 4872 recrementum
694 4838 720 4889 p.
740 4823 834 4890 seqq..
853 4821 992 4890 p.tdeq.;
1012 4820 1081 4890 Pepe
1099 4819 1336 4890 lemannum.
1372 4821 1397 4944 ’Β
1418 4821 1475 4874 rou
1495 4821 1511 4874 Ι.
1525 4838 1550 4878 e.
1561 4839 1587 4890 p.
1600 4821 1644 4879 31.
1680 4820 1705 4890 ³)
1725 4819 1919 4888 Poeteupdx.

262 4886 416 4970 ⁴)”Adeiph
441 4885 460 4940 Ι.
487 4887 509 4943 i.
530 4887 552 4944 1.
590 4888 615 4955 ⁸)
633 4886 662 4944 V.
683 4891 723 4947 to.
740 4891 782 4948 31.
827 4890 852 4957 ⁸)
870 4888 958 4943 iiemb.
983 4889 1069 4948 Deum.
1089 4908 1115 4959 p.
1134 4890 1183 4944 427
1203 4907 1261 4960 sqq.
1281 4890 1398 4959 iiempe,
1439 4891 1464 4957 ¹)
1482 4890 1511 4942 id
1530 4890 1618 4943 Plauto
1642 4891 1803 4959 potissimum
1827 4891 1853 4941 iu
1871 4889 1918 4942 de·

261 4955 330 5009 heus
346 4957 401 5012 furt.
438 4952 540 5022 viden
558 4959 644 5009 omnia
658 4959 704 5011 eir.
721 4976 747 5027 p.
764 4960 788 5011 d.
826 4959 851 5027 ο)
868 4957 885 5014 Ι.
903 4974 926 5014 e.
938 4977 966 5028 p.
982 4959 1043 5019 tte.
1796 5029 1810 5082 l
