4374 6150
1044 279 1193 344 ..2-

288 490 324 535 or
346 470 432 535 hiess
446 467 721 553 Pyrgopolinices,
744 467 953 550 Hauptmsnn
969 467 1226 533 Mauerbrecber.
1270 465 1338 531 Der
1358 465 1473 529 elende
1489 465 1721 550 Schmarutser,
1745 468 1803 532 der
1822 467 1948 532 diesem

287 577 340 620 um
362 557 420 621 das
442 555 530 621 Maul
551 556 639 639 ging,
673 555 758 619 hiess
777 554 868 618 nicht
891 554 952 618 nie
972 553 1087 637 irgend
1115 554 1167 618 ein
1189 573 1295 617 armer
1316 550 1494 617 Sohluclxer
1519 552 1552 618 in
1574 556 1632 618 der
1656 554 1764 619 Stadt:
1802 572 1837 617 er
1859 552 1949 617 hiess

288 646 484 725 Artotrogus
505 641 831 706 Brockenschroeter.
874 639 942 704 Der
962 639 1131 725 Jhngling,
1159 639 1218 703 der
1236 639 1336 702 durch
1358 637 1470 702 seiuen
1491 640 1661 722 Aulwand,
1690 640 1867 705 besonders
1892 637 1955 703 suf

288 727 414 808 Pserde,
437 727 548 792 seinen
562 727 667 792 Vater
685 727 718 791 in
732 725 894 790 Schulden
909 733 1037 803 stur-sto,
1060 725 1144 789 hiess
1158 724 1248 790 nicht
1262 724 1323 788 wie
1342 723 1401 788 der
1417 723 1506 788 Sohn
1521 726 1627 791 dieses
1643 727 1723 790 oder
1735 727 1831 809 janes
1847 725 1949 790 edlen

289 815 440 898 Birgers,
463 813 603 878 sondern
622 812 839 962 Phidigpides,
859 811 987 876 Junher
1002 809 1213 896 Sparross‘.¹)
1240 811 1354 895 Pergit
1372 811 1567 892 Donatus²):
1590 813 1686 894 ,Hine
1706 832 1818 877 servus
1839 810 1948 877 fidelis

289 901 458 980 Parmeno,
480 898 618 963 infidelis
641 897 694 963 vel
727 898 813 981 'yrus
836 898 888 962 vel
912 898 1007 979 Geta,
1029 896 1120 962 miles
1143 897 1269 962 Thraso
1291 895 1344 961 vel
1364 896 1508 978 Polemo,
1526 898 1657 981 juvenis
1679 897 1830 982 (amator)
1852 898 1948 962 Pam·

289 984 403 1071 philus,
426 992 574 1049 matrona
588 985 744 1068 Myrrina:
767 992 800 1048 et
812 1003 893 1067 puer
914 986 954 1048 ab
970 985 1072 1048 odore
1087 982 1205 1048 Storax
1227 982 1280 1047 vel
1295 1003 1315 1046 a
1328 982 1405 1046 ludo
1421 991 1454 1047 et
1468 1004 1488 1047 a
1504 984 1756 1067 gesticulatione
1772 983 1949 1068 Seirtus³):

290 1079 323 1136 et
345 1071 423 1136 item
444 1071 569 1136 similia
612 1071 651 1135 In
678 1069 791 1151 quibus
824 1089 978 1135 summum
998 1078 1115 1154 poetae
1142 1069 1253 1133 vitium
1279 1075 1338 1150 est,
1372 1069 1499 1151 siquid
1524 1071 1728 1135 econtrario
1762 1090 1949 1155 repugnans

290 1159 484 1223 contrarium
510 1156 733 1238 diversumque
753 1155 934 1240 protulerit,
960 1157 1023 1220 nisi
1043 1177 1101 1240 per
1122 1154 1321 1238 antiphrasin
1342 1174 1460 1220 nomen
1478 1155 1667 1240 imposuerit
1685 1156 1887 1240 joculariter,
1911 1163 1950 1220 ut

290 1242 519 1327 Misargyn'des
541 1243 574 1306 in
594 1241 746 1323 Plauto⁴)
767 1242 883 1306 dicitur
897 1243 1062 1325 trapezita.
1108 1242 1149 1306 llt
1168 1242 1236 1305 fere
1256 1242 1319 1305 hoc
1333 1241 1428 1306 modo
1451 1243 1536 1324 apud
1551 1243 1633 1308 alios
1658 1244 1800 1327 appetis
1814 1243 1949 1307 nomina

290 1335 524 1413 componuntur
544 1328 757 1393 describenda
778 1347 837 1411 per
858 1328 1065 1412 antiphrasin,
1087 1328 1175 1410 quod
1197 1327 1348 1410 designat
1362 1326 1501 1392 Storaxf
1546 1330 1653 1406 Quare
1676 1350 1772 1412 quum
1786 1348 1948 1412 personae

290 1415 432 1480 comicae
453 1434 581 1478 causam
604 1422 637 1478 et
656 1414 867 1497 patrocinium
882 1414 1021 1479 omnium
1043 1432 1253 1498 personarum
1274 1412 1417 1496 ejusdem
1432 1414 1561 1498 generis
1582 1417 1790 1499 susceperint,
1812 1415 1946 1478 nomina

289 1501 347 1565 illa
368 1500 459 1583 quasi
480 1499 647 1585 loquentia
667 1507 869 1583 usurpantur,
891 1501 938 1564 ita
959 1508 1066 1564 tamea
1089 1507 1124 1564 ut
1145 1499 1240 1564 etiam
1261 1499 1399 1583 propriis
1422 1499 1623 1565 lineamentis
1648 1504 1690 1566 ab
1707 1501 1779 1565 aliis
1801 1501 1948 1583 ejusdem

288 1586 416 1670 generis
443 1587 589 1668 personis
615 1587 862 1670 distinguantur,
895 1607 961 1651 non
990 1606 1101 1651 omnes
1123 1587 1218 1666 sarri,
1246 1604 1356 1649 omues
1376 1586 1510 1669 parasiti
1538 1586 1592 1652 all.
1616 1588 1750 1652 eandem
1771 1607 1948 1669 personam

288 1672 463 1755 induerint;
484 1672 567 1736 unde
588 1692 704 1736 nomen
727 1692 768 1735 ex
790 1673 837 1736 his
859 1672 999 1756 propriis
1020 1672 1161 1736 moribus
1183 1671 1297 1752 cuique
1319 1672 1400 1737 sumi
1421 1680 1539 1755 potest.

377 1758 467 1836 Quae
487 1759 627 1838 nomina,
660 1758 844 1841 quibusvis
873 1767 961 1823 certa
988 1766 1047 1838 est,
1081 1758 1143 1822 etsi
1169 1758 1306 1821 maxime
1333 1778 1533 1840 pernoram
1559 1759 1769 1839 comoediam,
1804 1779 1887 1840 quae
1912 1758 1949 1823 in

290 1844 450 1908 imitandis
478 1844 661 1908 domesticis
683 1844 807 1908 actibus
840 1865 879 1909 ae
903 1852 1028 1929 patrum
1049 1843 1233 1924 liberorum,
1267 1864 1403 1907 uxorum
1424 1864 1589 1909 servorum
1616 1844 1794 1909 rationibus
1816 1864 1852 1908 se
1873 1864 1952 1909 con-

290 1930 422 2010 tinebat,
448 1930 482 1994 in
503 1949 594 1994 usum
620 1937 786 2010 venerunt,
817 1937 926 1995 tamen
940 1931 1010 2015 jam
1036 1930 1232 2014 aprincipio
1260 1930 1430 1994 comoedis
1456 1930 1584 1994 illorum
1607 1950 1707 2014 opera
1738 1932 1888 1994 utebatur
1914 1939 1952 1995 et

291 2015 504 2098 antiquissimi
528 2014 577 2078 illi
598 2022 715 2098 poetae
736 2017 850 2081 comici
871 2018 956 2080 veris
978 2017 1125 2099 personis
1153 2035 1325 2097 eorumque
1348 2017 1528 2093 nominibus
1555 2018 1622 2079 lere
1644 2017 1732 2098 solas
1754 2015 1851 2080 'fictas
1877 2036 1952 2100 per-

290 2121 387 2167 sonas
407 2101 636 2184 admiscebant,
658 2101 698 2166 iis
720 2102 900 2167 nominibus
925 2103 1064 2177 indutas,
1086 2122 1169 2184 quae
1192 2102 1321 2166 illorum
1344 2121 1449 2166 mores
1475 2109 1509 2166 et
1529 2103 1615 2167 vitae
1643 2103 1801 2167 rationem
1828 2102 1952 2185 signifi·

290 2184 446 2271 carent,⁵)
469 2187 557 2251 velut
571 2188 655 2271 apud
669 2187 953 2272 mamphanemt)
974 2196 1048 2253 sunt
1062 2189 1244 2272 Euelpides,
1268 2189 1362 2252 homo
1378 2189 1526 2252 credulus
1542 2190 1655 2269 bonus,
1677 2188 1864 2253 Pisetserus
1888 2188 1946 2255 vel

293 2274 508 2354 Pithetaerus,
531 2274 680 2357 princeps
694 2273 853 2356 factionis,
877 2273 1047 2339 Trochilus
1070 2294 1181 2338 servus
1203 2282 1285 2338 caet.
1330 2276 1424 2352 Quod
1439 2274 1567 2338 minime
1587 2275 1767 2359 neglectum
1791 2285 1841 2339 est
1862 2294 1958 2338 aco·

290 2359 379 2425 micis
400 2361 615 2443 posteriorum
636 2361 786 2444 gentium,
809 2362 836 2425 si
857 2380 996 2425 summos
1017 2362 1225 2444 respeximus.
1268 2360 1307 2425 Id
1328 2368 1489 2426 testantur
1509 2362 1640 2425 nomina
1660 2361 1719 2426 illa
1736 2361 1952 2443 jocosissima

290 2465 332 2510 ex
353 2445 544 2525 ,Diableries
567 2446 623 2510 des
645 2445 820 2530 Pranqais‘,
845 2447 961 2512 fabulis
984 2446 1153 2512 diabolicis
1180 2446 1275 2510 medii
1298 2448 1379 2528 aevi,
1407 2447 1535 2530 seriptis
1568 2447 1705 2511 satiricis
1731 2448 1851 2511 nostris
1880 2466 1950 2512 sac.

290 2531 374 2596 XVI
393 2532 528 2615 petita⁷l
560 2539 593 2596 et
614 2533 753 2613 nomina,
781 2533 894 2615 quibus
923 2532 1028 2598 Sbalrs
1053 2534 1168 2612 sarius,
1196 2533 1398 2597 doctissimus
1424 2533 1480 2597 ille
1503 2533 1683 2617 Anglorum
1710 2543 1816 2617 poeta,
1839 2536 1873 2597 in
1895 2553 1953 2598 oo·

289 2617 425 2682 moediis
446 2637 521 2683 usus
542 2618 641 2702 est⁸);
669 2618 825 2701 ejusmodi
846 2619 1008 2683 nominum
1079 2639 1153 2702 gam
1176 2619 1301 2701 copiam
1323 2618 1416 2683 finxit
1435 2620 1531 2682 etiam
1553 2619 1798 2703 Wielandius.⁹)
1842 2620 1951 2701 quue

290 2703 375 2787 apud
395 2702 498 2769 Italos
518 2711 553 2768 et
573 2704 738 2768 Romanos
760 2704 896 2769 maxime
916 2706 1015 2769 moris
1036 2705 1134 2769 hrisse
1158 2724 1225 2767 non
1247 2705 1358 2768 mirum
1382 2711 1440 2785 est,
1466 2705 1584 2787 quippe
1605 2726 1739 2787 quorum
1758 2707 1867 2789 poesis
1891 2725 1952 2789 po·

289 2788 411 2873 pulcris
432 2790 550 2854 talibus
571 2789 751 2856 nominibus
774 2799 807 2855 et
828 2790 976 2874 personis
998 2789 1190 2873 uteretu1·.¹⁰)

376 2876 527 2960 vestigia
539 2876 639 2961 igitur
649 2876 844 2943 anteriorum
857 2885 1027 2961 poetarum
1041 2885 1227 2960 presserunt
1240 2875 1374 2940 Plautus
1391 2881 1424 2940 et
1438 2876 1618 2955 Terentius,
1642 2897 1737 2958 quum
1753 2877 1950 2959 hominibus,

289 2962 343 3044 qui
364 2971 473 3045 partes
486 2961 665 3027 fabularum
681 2981 792 3028 eorum
806 2970 915 3046 agunt,
938 2964 1068 3027 nomina
1080 2962 1273 3042 indiderunt,
1297 2981 1380 3044 quae
1395 2962 1447 3025 vol
1462 2961 1651 3044 dignitatem
1668 2962 1725 3025 cfr.
1745 2963 1950 3045 Theotimus,

290 3048 574 3113 Theodoromedes
595 3048 661 3131 alh,
692 3048 745 3114 vel
767 3069 871 3113 mores
897 3070 1007 3114 eorum
1029 3049 1085 3113 cfr.
1112 3048 1278 3128 Diabolus,
1304 3047 1436 3128 Saurea,
1471 3048 1675 3130 Megadorus,
1704 3049 1951 3132 Megaronides,

290 3133 498 3216 Lesbonicus,
510 3135 536 3198 h
575 3134 678 3216 iteles,
688 3135 854 3216 Eunomia,
867 3135 1273 3218 Soph1·ona,Phronesium,
1286 3134 1407 3214 Lucris,
1420 3135 1569 3212 Strabax,
1582 3133 1772 3216 Stratyllax,
1781 3134 1950 3216 Chremes,

290 3218 460 3302 Strobilos,
485 3221 556 3285 Pa'
581 3241 666 3302 urus,
694 3220 888 3302 Planesium,
920 3222 1019 3304 Lyco,
1042 3221 1180 3301 Labrax,
1206 3219 1368 3302 llpidicus,
1396 3219 1551 3300 Oacistus,
1580 3220 1770 3299 Pseudolus,
1794 3220 1948 3303 Harpax,

289 3305 447 3371 Parmeno
471 3305 536 3387 all,
569 3306 622 3371 vel
648 3308 762 3389 quibus
784 3310 880 3372 rebus
908 3314 1023 3371 vacent
1043 3308 1098 3371 cfr.
1122 3308 1279 3387 Anthrax,
1306 3306 1461 3389 Gongrio,
1491 3305 1637 3388 Cyamus,
1670 3306 1820 3387 Archilis,
1843 3307 1952 3371 Exae-

288 3393 427 3473 rambus,
448 3393 635 3476 Lampadio,
658 3393 843 3476 Sceparnio,
867 3393 996 3476 Gripus,
1025 3393 1159 3475 Sparax,
1181 3392 1305 3474 Gorge,
1329 3392 1500 3475 Colaphus,
1529 3391 1696 3472 Oordalio,
1725 3392 1841 3471 Corax,
1865 3391 1951 3476 Hip

290 3476 429 3561 polytus,
449 3479 687 3559 Aeschrodora
703 3478 850 3562 Xystilis,
874 3479 1091 3564 Gymnasium,
1107 3478 1276 3561 Delphium
1298 3477 1364 3559 alh,
1386 3477 1438 3541 vel
1454 3478 1718 3541 consuetudinem
1739 3479 1794 3541 cfr.
1811 3479 1949 3561 Dromo,

290 3562 418 3644 burcio,
442 3562 601 3646 curculio,
622 3569 828 3649 Artotrogus,
851 3565 1080 3646 Miccotrogus,
1101 3563 1284 3644 Peniculus,
1307 3562 1498 3642 Gelasimus,
1522 3562 1655 3644 Scirtus,
1680 3563 1820 3644 Gnatho,
1836 3563 1951 3628 Philo·

290 3649 463 3714 comasium
486 3648 550 3729 all,
578 3650 630 3714 vel
651 3651 785 3715 formam
808 3659 904 3733 atque
933 3651 1072 3733 speciem
1094 3649 1240 3733 corporis
1263 3650 1460 3731 vestitusque
1482 3649 1627 3731 Byrrhia,
1657 3649 1839 3729 Traehalio,
1869 3647 1953 3714 Oro·

291 3734 420 3816 octium,
441 3734 628 3817 Pithecium,
650 3736 825 3818 Pinacium,
857 3736 991 3817 Granio,
1014 3735 1207 3819 Stalagmus,
1235 3735 1380 3819 Milphio,
1407 3734 1628 3818 Milphidippa,
1662 3734 1775 3816 Simus,
1798 3734 1949 3819 Simalio,

843 3840 859 3871 0

388 3890 411 3952 ¹)
429 3887 502 3949 ,llerr
520 3903 544 3946 v.
562 3887 735 3954 Sparroessel‘
756 3888 815 3940 roa
833 3889 848 3944 Ι,
867 3905 889 3944 e.
904 3906 928 3957 p.
943 3891 984 3944 31,
1024 3889 1047 3959 ¹)
1068 3891 1120 3946 lc.
1158 3892 1182 3957 ³)
1201 3891 1237 3942 lta
1256 3891 1323 3940 enim
1344 3906 1391 3956 pro
1410 3888 1517 3949 ,Circus‘
1538 3889 1673 3955 legendum
1692 3899 1739 3942 cst.
1758 3905 1835 3955 annn
1850 3888 1947 3943 Circus

291 3958 383 4010 nullibi
401 3972 497 4010 nomen
517 3959 587 4009 servi
606 3960 639 4008 sit
657 3967 682 4008 et
700 3959 815 4009 Donatus
835 3960 892 4026 ipsc
911 3958 972 4014 lieo.
994 3959 1011 4015 Ι.
1030 3959 1055 4011 2.
1075 3960 1090 4011 3
1114 3975 1207 4011 nornen
1227 3959 1301 4010 Scirti
1321 3960 1359 4010 sic
1378 3960 1552 4026 explicaverit.
1591 3961 1613 4014 ⁴)
1635 3958 1706 4011 Most.
1727 3958 1769 4014 ΙΙΙ.
1797 3961 1817 4013 l.
1837 3960 1878 4011 4Ι.
1919 3963 1947 4029 ⁸)

291 4045 405 4111 Lessing,
432 4045 447 4100 Ι,
467 4060 490 4099 c,
508 4061 533 4112 p.
552 4044 601 4099 429
620 4062 677 4112 sqq,
714 4047 738 4111 8)
759 4045 787 4097 ln
807 4046 906 4098 Avibus
925 4047 972 4098 etr,
1000 4027 1283 4111 Ἀποδρασ-ιππίδης
1301 4027 1509 4109 Ἐπικεχοδώς,
1534 4027 1725 4107 ‘hepidannus
1739 4052 1787 4098 era,
1824 4043 1848 4111 ⁷)
1869 4043 1952 4097 velus

292 4112 363 4166 Tuttc
382 4114 433 4168 vile
458 4113 543 4182 (toute
562 4115 648 4175 vilain,
666 4123 734 4166 totus
754 4115 875 4182 vilanus),
900 4114 1068 4166 Funkeldune
1086 4116 1162 4178 (vino
1183 4113 1311 4182 olrnrtus),
1336 4114 1492 4182 hiclsstappe
1510 4115 1607 4181 (lambe
1632 4114 1770 4178 trunsum).
1809 4114 1832 4178 ⁸)
1851 4113 1946 4168 Servis

293 4181 355 4234 baec
374 4185 477 4236 nomina
502 4193 573 4242 suat:
605 4182 718 4244 Caliban,
737 4184 802 4245 nite,
831 4185 905 4246 lans,
924 4183 1029 4235 Grumio
1054 4189 1099 4248 (ex
1119 4185 1197 4236 Plauti
1218 4183 1289 4239 Most.
1309 4184 1467 4252 receptum);
1499 4186 1608 4238 scurris:
1640 4183 1768 4240 Trinculo,
1796 4180 1950 4251 Priilstein3

292 4253 481 4311 ucerdohbus:
508 4252 709 4315 Testwasserer,
734 4254 849 4310 civibus:
868 4253 962 4316 Quitte,
975 4253 1073 4321 Plump,
1086 4253 1183 4315 Bodeo,
1195 4254 1330 4316 Schnsuts,
1342 4253 1506 4322 ilungerling‚
1521 4253 1643 4315 salmoim
1666 4253 1826 4318 pastoribus:
1839 4251 1945 4319 Thlpel,

291 4318 388 4388 ssopan
407 4322 518 4376 boream
543 4324 677 4391 nymphis:
697 4322 894 4384 Ertsenhlushe,
913 4322 1080 4391 Spinnwebe,
1100 4324 1176 4375 iloste
1195 4324 1251 4386 all.;
1272 4323 1405 4389 judicibus
1423 4338 1564 4389 eorumque
1587 4323 1723 4377 ministris:
1742 4320 1842 4377 Schaal.
1862 4322 1947 4376 llols·

292 4388 447 4458 appelessig,
470 4391 741 4456 hosdroenorum
766 4392 912 4446 nobilibus:
940 4393 1044 4459 Ruelps,
1064 4391 1250 4461 Fieberwange
1266 4393 1308 4448 all.
1346 4393 1370 4461 ⁹)
1388 4391 1467 4459 Crsjus
1492 4408 1524 4445 es
1545 4391 1710 4442 Abderitibus
1738 4391 1801 4442 haee
1819 4392 1944 4445 attulisse

292 4459 353 4510 satis
372 4459 418 4510 sit:
442 4459 586 4514 llulieribus
606 4461 733 4523 facilibus,
758 4463 880 4514 formosis
899 4470 957 4512 sunt
975 4464 1090 4514 nomina:
1120 4463 1245 4524 Philinus,
1265 4462 1349 4529 Myris,
1369 4462 1501 4522 Pithoelsa,
1527 4459 1676 4522 Salabanda,
1698 4459 1845 4521 lllonarion,
1867 4459 1946 4514 liro·

291 4526 308 4578 b
327 4528 361 4589 le,
380 4526 504 4594 Eukolpis
522 4532 640 4600 (pinguis
659 4531 839 4599 citharistrialg
858 4531 1051 4588 sacerdotibus:
1076 4531 1184 4591 Charax,
1205 4531 1372 4599 Pamphagus,
1392 4533 1559 4600 Agathyrsoa,
1579 4529 1734 4595 Straba-lau
1754 4531 1948 4598 sycsrphantis:

292 4544 471 4664 Ptyaignatus,
490 4595 670 4666 Polyphonusz
693 4601 875 4657 archontibus:
895 4598 1019 4663 Onolaus,
1037 4599 1179 4661 Onobalus,
1200 4599 1379 4664 Onolsradias3
1402 4603 1499 4668 petitis:
1517 4599 1621 4665 Thlaps.
1642 4598 1805 4666 hyperbolae
1825 4599 1873 4667 (ΙΙΙ
1904 4601 1947 4670 3);

291 4665 397 4731 ΛρΙποιι
417 4674 456 4717 est
474 4667 523 4716 dux
542 4669 656 4733 ignavas,
681 4671 899 4737 Antistrepsiades
918 4671 997 4722 horno
1017 4672 1140 4738 garrulus.
1176 4671 1249 4723 aare
1268 4682 1380 4722 sutorem
1402 4672 1503 4730 Piriem,
1523 4670 1632 4719 scribam
1656 4669 1787 4736 ,l’grops‘,
1807 4678 1948 4724 senatores

287 4733 462 4803 ,llypsiboas¹‚
486 4733 670 4802 ‚Polyphonus‘
693 4739 749 4806 (lv,
769 4741 800 4793 14
819 4757 844 4807 p.
864 4741 896 4791 75
916 4739 1045 4808 llenspel),
1073 4740 1200 4801 ‚Stentor‘‚
1225 4741 1413 4809 ,bucephalus⁴,
1436 4739 1624 4804 ,liuphrsnor‘z
1651 4753 1791 4805 agasonem
1810 4739 1947 4799 ‚Anthrax‘

292 4804 331 4856 all.
349 4804 390 4857 all.
408 4805 454 4857 eir.
473 4803 539 4861 Pott.
557 4804 571 4856 l.
590 4821 612 4859 c.
633 4823 657 4870 p.
674 4807 715 4861 at.
753 4812 785 4869 ¹⁰)
807 4809 956 4878 Bernhardy
980 4811 1008 4864 R.
1029 4811 1054 4866 L.
1073 4812 1086 4879 5
1105 4810 1138 4862 74
1157 4826 1182 4879 p.
1200 4810 1251 4864 430
1269 4811 1301 4862 lv
1327 4809 1428 4860 Maccus
1448 4807 1576 4869 llarlehin,
1606 4807 1692 4859 Bitoco
1713 4808 1814 4876 Tolpcl,
1833 4806 1943 4876 Pappus

292 4873 338 4924 der
356 4875 467 4942 gabigs,
486 4873 618 4936 rediebat,
638 4873 778 4941 bettegene
796 4877 861 4938 Alte,
882 4878 1014 4931 [lossensis
1034 4879 1170 4932 choristas
1188 4880 1233 4939 ch.
1253 4880 1269 4932 h
1289 4897 1310 4934 c.
1330 4886 1383 4931 net.
1403 4878 1462 4932 331.
