4358 5812
1009 402 1178 468 ...33-

256 591 513 658 Chalcedon-ius
536 593 716 676 comparari
732 593 785 656 rix
799 599 906 675 queat.
950 590 1179 656 Fleckeiseuus
1202 597 1235 653 et
1254 589 1449 655 Ritschelius
1471 591 1772 655 commendaverunt
1791 591 1915 674 Gorgo·

256 679 399 743 nidoniis
420 672 690 760 ‚Schreckenfelq
714 678 891 743 derivatum
913 698 935 741 a
956 677 1097 757 Γοργόνι,
1110 692 1219 750 ·-ιος,-
1233 698 1293 736 asor
1313 674 1457 759 (πεδιιι);
1478 672 1607 760 placeat
1626 675 1830 759 significatio,
1853 677 1915 741 etsi

259 764 364 829 minus
386 765 519 848 jocosa;
553 771 588 829 at
611 765 695 829 unde
720 765 902 829 terminatio
927 763 1062 845 ,donius‘
1088 761 1288 845 explicatur?
1332 760 1426 826 Hanc
1446 770 1569 846 partem
1590 763 1619 826 si
1638 768 1774 845 spectes,
1801 764 1916 846 proba·

258 849 328 915 bile
348 870 407 934 per
428 871 463 915 se
484 857 544 930 est,
572 851 659 933 quod
684 868 801 914 nomen
824 848 1019 915 Ritschelius
1044 849 1078 912 in
1104 849 1315 913 annotatione
1341 847 1453 912 critica
1478 847 1656 994 proposuit,
1681 846 1855 913 Lorenaiue
1881 849 1915 913 in

259 943 384 1001 textum
405 937 541 1019 recepit:
565 935 802 1003 Crocodiloniis
817 937 838 1003 i.
855 955 883 1001 e.
899 933 1166 1016 Κροκιδειιωνιοις,
1186 935 1384 999 descendens
1400 954 1420 998 a
1436 937 1532 1014 Κρικο
1551 937 1645 1014 atior,
1668 933 1747 998 urbe
1763 935 1914 1018 Aegypti,

258 1041 327 1086 non
354 1044 373 1087 a
394 1022 583 1103 κροκόδειλος,
607 1023 693 1105 quod
714 1023 888 1087 horontius
909 1020 992 1105 vult;
1019 1020 1077 1084 sed
1101 1039 1219 1086 nomen
1245 1019 1366 1085 comice
1392 1019 1499 1084 lictum
1521 1021 1576 1084 vix
1602 1020 1792 1104 putaverim,
1819 1039 1915 1103 quum

258 1107 352 1173 locus
379 1117 501 1172 tantum
527 1108 655 1190 quidam
680 1109 820 1192 ignotus,
854 1127 920 1172 non
951 1106 1048 1171 meum
1075 1125 1207 1171 movens
1235 1114 1375 1171 notetur.
1418 1107 1539 1170 Varum
1562 1106 1632 1189 jam
1663 1105 1744 1169 vidit
1771 1106 1914 1190 Guyetus

263 1193 518 1278 ,Surgulioniis‘,
540 1214 599 1278 pro
622 1215 686 1276 quo
708 1194 811 1258 forma
832 1192 1026 1276 antiquior¹)
1050 1190 1261 1257 Curculioniis
1283 1211 1303 1256 a
1325 1191 1435 1256 Bririo
1457 1193 1571 1256 merito
1592 1193 1627 1256 in
1647 1198 1769 1256 textum
1783 1198 1915 1275 recepta

259 1289 322 1345 est.
365 1279 474 1345 Plauti
496 1281 579 1344 enim
601 1279 744 1364 leporem
760 1289 793 1344 et
806 1280 990 1361 jocationes
1004 1277 1133 1342 redolet
1144 1278 1202 1342 illa
1224 1277 1411 1360 a,curculio
1427 1277 1560 1361 Gurgel,
1582 1278 1698 1344 Kehle‘
1713 1278 1913 1342 descendens

260 1384 335 1430 vox.
352 1366 529 1431 -Deinde
551 1365 573 1431 l.
596 1385 624 1430 c.
640 1387 669 1431 v.
692 1366 734 1432 39
755 1367 839 1430 inter
860 1365 989 1430 nomina
1004 1383 1151 1429 verarum
1165 1371 1322 1429 terrarum
1336 1370 1434 1447 atque
1453 1364 1618 1429 nationum
1632 1384 1748 1428 nonren
1762 1364 1914 1445 occurrit,

262 1452 349 1534 quod
368 1451 477 1517 Plauti
497 1452 628 1536 ingenio
651 1453 813 1516 debemus.
857 1451 967 1532 Codd,
991 1451 1063 1514 edd.
1086 1460 1164 1515 vett.
1188 1449 1557 1534 ,Sycolatronidae‘;
1581 1451 1668 1533 quod
1690 1460 1777 1514 esset
1797 1469 1915 1514 nomen

262 1538 403 1603 nationis
425 1539 598 1620 cujusdam,
614 1538 823 1622 compositum
839 1557 879 1601 ex
901 1538 1004 1619 ,aanor
1025 1544 1059 1601 et
1072 1535 1178 1619 ,latro‘
1200 1536 1426 1601 terminatione
1441 1536 1672 1619 patronymica,
1695 1535 1915 1618 quatPlautus

262 1624 448 1707 saepissime
471 1643 547 1688 usus
569 1625 670 1708 est²);
693 1623 891 1689 alluderetur
906 1623 1001 1688 etiam
1016 1622 1059 1686 ad
1071 1622 1227 1687 famosum
1241 1623 1509 1706 sycophantarum
1528 1641 1656 1704 nomen,
1681 1623 1728 1686 ita
1748 1629 1784 1688 ut
1805 1623 1915 1687 Attica

262 1728 343 1794 gens
358 1709 603 1793 significaretur.
648 1710 760 1792 Neque
783 1729 859 1773 vero
875 1718 973 1792 poeta
988 1707 1189 1789 vocabulum,
1212 1728 1229 1772 e
1305 1728 1362 1773 acu
1379 1715 1412 1773 et
1424 1707 1527 1773 latina
1543 1708 1676 1772 vocibus
1697 1709 1916 1791 compositum,

193 1821 196 1825 ·
263 1795 402 1860 admisit.
432 1795 627 1860 Ritschalius
643 1794 858 1879 adstipulante
873 1794 1088 1860 Fleckeiseno
1101 1794 1224 1859 invenit
1265 1794 1528 1878 ryphiolatronia,
1553 1794 1639 1876 qnod
1659 1794 1786 1877 graecis
1801 1794 1918 1861 litteris

261 1883 403 1947 excussit
422 1881 596 1947 Lorenzius
618 1884 884 1966 Κριφιοιαθρονιᾳ.
929 1881 1019 1959 Quae
1045 1900 1109 1944 vox
1131 1900 1201 1944 oum
1222 1881 1342 1961 κρύφιος
1369 1888 1403 1944 et
1429 1880 1537 1966 λάθρᾳ,
1569 1899 1652 1963 quae
1679 1881 1793 1945 eodem
1822 1900 1919 1946 sensu

260 1981 346 2049 sunt,
369 1969 547 2033 cohaerens
563 1976 692 2047 terram,
716 1987 798 2049 quae
814 1975 953 2048 nonest,
974 1968 1045 2050 ipso
1060 1985 1141 2031 sono
1157 1986 1251 2049 quum
1266 1972 1367 2046 notet,
1391 1987 1485 2050 quam
1499 1968 1666 2051 regionem
1685 1985 1744 2030 nos
1767 1986 1919 2032 vocamus

261 2053 416 2137 Utopien,
438 2054 555 2120 Plauto
578 2054 766 2138 dignissima
787 2061 846 2118 est.
880 2053 1093 2137 Praeceptum
1111 2071 1200 2133 vero,
1221 2053 1308 2135 quod
1323 2070 1421 2136 supra
1436 2054 1762 2132 commemoravimus,
1784 2055 1812 2118 si
1834 2062 1921 2118 tane-

261 2139 365 2205 bimus
386 2140 594 2223 codicemque
618 2140 758 2224 vestigia
778 2140 920 2224 pressius
941 2158 1120 2221 sequemur,
1142 2159 1270 2219 nomen,
1293 2140 1354 2203 etsi
1376 2140 1478 2204 miuus
1492 2141 1608 2223 jocose
1624 2146 1846 2221 commentum,
1869 2148 1920 2205 est

261 2227 471 2310 probandum,
495 2227 582 2310 quod
603 2247 624 2290 a
645 2227 798 2311 Geppert.
841 2225 891 2291 Pl.
914 2224 1004 2292 Stud.
1026 2225 1060 2289 11
1082 2245 1113 2308 p.
1132 2227 1181 2290 ll.
1197 2226 1406 2308 propositum,
1422 2225 1566 2290 aBrinio
1586 2236 1749 2309 receptum
1769 2234 1820 2292 est
1835 2227 1920 2312 ,Scy-

262 2311 469 2376 tholatronia‘
493 2312 873 2396 ,Scythensoldnerland‘.
898 2346 937 2356 -
960 2312 1063 2375 Porro
1091 2311 1204 2375 Sardi
1225 2311 1246 2375 l.
1270 2332 1297 2376 c.
1314 2313 1366 2376 40.
1393 2332 1458 2376 non
1480 2319 1562 2391 sunt,
1584 2320 1621 2376 nt
1641 2312 1728 2394 alibi,
1750 2312 1919 2378 Sardiniae

261 2397 400 2478 incolae,
423 2398 490 2478 sed,
513 2399 601 2481 quod
622 2401 746 2482 reliqua
767 2399 898 2463 nomina
919 2396 1118 2479 confirmant,
1146 2396 1306 2478 Sardiani,
1334 2397 1482 2463 Sardium
1507 2398 1645 2463 incolae.
1668 2434 1708 2445 -
1734 2399 1859 2464 Deinde
1886 2399 1919 2464 in

214 2545 217 2551 .
264 2485 324 2548 hoc
345 2484 577 2549 vocabulorum
598 2506 700 2570 genus
727 2484 929 2549 referendum
951 2492 1002 2548 est
1026 2503 1205 2567 cognomen
1231 2504 1368 2567 pugnae,
1397 2505 1491 2568 quam
1518 2484 1620 2549 Poen.
1642 2484 1684 2549 Π.
1708 2486 1751 2549 25
1770 2489 1921 2570 Antamy·

262 2569 354 2634 uides
370 2589 405 2634 se
420 2591 491 2635 cum
507 2571 685 2637 hominibus
701 2571 849 2636 volaticis
873 2571 1023 2635 habuisse
1044 2570 1204 2636 mentitur.
1248 2571 1287 2634 Id
1308 2572 1384 2653 quin
1398 2589 1536 2655 graecae
1559 2570 1692 2654 originis
1715 2570 1766 2652 sit,
1790 2573 1919 2638 dubium
2041 2590 2044 2595 ·

263 2674 328 2720 non
349 2664 413 2737 est3
440 2657 499 2720 sed
513 2656 601 2738 cujus
622 2657 792 2742 potestatis
816 2656 859 2721 sit
878 2656 1033 2731 librorum
1054 2655 1152 2721 lectio
1168 2656 1498 2740 ,pentethronica‘,
1513 2655 1651 2740 intelligi
1665 2660 1785 2740 nequit.
1813 2659 1920 2737 Quare

264 2739 444 2824 Stephanus
465 2744 635 2826 proposuit
657 2743 915 2825 ,Pelethronica‘,
943 2763 1007 2826 quo
1029 2762 1094 2807 non
1117 2742 1236 2807 clarior
1262 2741 1397 2808 efficitur
1416 2743 1518 2822 notio,
1545 2743 1608 2808 nisi
1632 2743 1732 2808 alludi
1755 2744 1857 2808 voluit
1878 2745 1920 2808 ad

263 2826 472 2909 Πελεθρόιιοι,
495 2829 702 2912 Lapitharum
723 2838 853 2911 terram,
874 2829 963 2912 cuius
986 2848 1133 2892 mensura
1154 2829 1187 2892 in
1207 2847 1334 2893 versum
1356 2848 1421 2894 non
1444 2829 1598 2912 quadrat;
1621 2829 1766 2894 Heraldo
1790 2837 1922 2914 ,pteron

263 2913 404 2995 nithica‘,
428 2914 596 2980 Gronovio
620 2915 876 3000 ,ptenornithica‘
898 2914 1085 2998 placebant3
1107 2915 1195 2997 prius
1211 2933 1334 2979 ‘nomen
1356 2916 1462 2980 versui
1478 2934 1543 2979 non
1564 2917 1729 2998 convenit;
1752 2923 1920 3000 utrumque

263 3005 300 3062 ut
318 2998 473 3065 librorum
495 3001 673 3086 scripturae
693 3003 786 3067 nimis
808 3009 858 3064 est
877 2999 1040 3080 dissimile,
1062 3000 1110 3064 ita
1129 2999 1246 3065 nullius
1267 3002 1418 3066 momenti
1437 3007 1487 3066 est
1513 3002 1554 3066 ad
1576 3003 1778 3067 excitandam
1799 3003 1847 3069 rei
1868 3004 1922 3068 ad·

263 3084 475 3151 mirationem.
519 3087 694 3172 Proposuit
713 3089 751 3152 P.
773 3086 872 3150 Valla
895 3086 1149 3169 ,pentetornica‘,
1173 3087 1370 3151 Sarracenos
1393 3089 1677 3171 ,pentechronica‘3
1701 3088 1830 3153 illorum
1852 3109 1921 3154 sen·

264 3173 381 3236 tentiae
396 3173 466 3255 jam
489 3172 582 3239 Rost.
603 3175 686 3258 Opp.
708 3174 742 3237 Π
763 3191 794 3256 p.
808 3172 874 3236 309
895 3191 965 3255 sqq.
981 3171 1151 3256 refutavit,
1168 3173 1238 3257 ipse
1253 3173 1392 3255 conjecit
1413 3174 1686 3257 ,pentathlonica‘,
1707 3194 1770 3257 quo
1792 3176 1921 3240 nomine

264 3257 306 3321 ad
335 3261 498 3318 πένταθλοι
518 3260 713 3324 alluderetur
738 3265 773 3323 et
797 3278 907 3342 pugna
931 3259 1140 3340 interneciva,
1171 3260 1317 3324 omnibus
1348 3260 1471 3324 artibus
1503 3278 1687 3343 summaque
1714 3262 1921 3327 contentione

264 3345 443 3423 commissa,
472 3344 498 3407 si
545 3346 717 3411 ificaretur.
759 3343 825 3408 Sed
846 3362 1026 3429 cognomen
1048 3346 1157 3409 hostes
1184 3345 1344 3411 volaticos
1365 3346 1549 3411 describere
1575 3346 1685 3428 debet;
1714 3346 1825 3429 itaque
1846 3347 1922 3412 mihi

263 3428 372 3511 placet
392 3451 503 3503 πιηιαν
518 3431 635 3511 'acrama'
649 3433 669 3495 i.
685 3451 712 3495 e.
726 3450 835 3514 pugna
848 3450 918 3494 cum
934 3431 1011 3495 viris
1027 3430 1175 3496 volaticis
1191 3433 1369 3497 commissa.
1381 3467 1425 3478 -
1435 3430 1582 3515 Denique
1602 3451 1696 3514 quam
1712 3434 1922 3498 accomodate

263 3522 362 3597 poeta
381 3515 511 3578 nomina
532 3517 669 3597 finxerit,
693 3516 876 3581 testimonio
892 3524 982 3580 esto
1027 3517 1113 3580 idum
1136 3517 1218 3580 illud
1239 3519 1271 3581 in
1294 3518 1417 3582 Arabia
1436 3518 1541 3597 sitnm,
1564 3519 1648 3587 unde
1674 3518 1786 3582 Lucris
1809 3528 1922 3604 erepta

263 3598 396 3681 fingitur
417 3601 506 3665 Pers.
528 3603 587 3668 IV.
603 3604 633 3668 3.
657 3603 709 3669 37.
731 3601 832 3667 Godd.
856 3601 941 3666 BOD
1001 3537 1220 3686 liunipolis,
1243 3604 1269 3668 F
1290 3603 1345 3667 all.
1367 3602 1570 3686 Cleosipolis.
1614 3603 1812 3687 scripturam
1837 3607 1922 3670 inex·

265 3684 448 3770 plicabilem
464 3687 537 3754 edd.
554 3690 588 3752 in
603 3687 828 3770 ,llleusipolis‘,
852 3689 939 3770 quod
952 3707 1069 3751 nomen
1085 3687 1254 3770 lllensinis,
1269 3689 1357 3753 urbis
1372 3690 1510 3770 Atticae,
1527 3690 1720 3755 mentionem
1738 3691 1845 3772 insert,
1860 3710 1923 3754 mu·

263 3779 424 3838 taverunt.
469 3771 535 3838 Sed
557 3775 617 3839 hac
632 3775 736 3838 forma
750 3793 861 3838 versus
878 3772 1098 3856 ,ldlousipolim
1112 3774 1233 3839 Persae
1247 3794 1363 3858 cepere
1381 3777 1493 3840 urbem
1506 3776 1539 3840 in
1554 3775 1687 3840 Arabia‘
1708 3775 1921 3842 intolerabilis

265 3858 400 3924 ematis
445 3856 579 3923 Sincera
600 3861 699 3943 igitur
720 3868 837 3943 poetae
859 3878 972 3923 manus
999 3859 1107 3923 estin
1135 3862 1206 3925 cod.
1234 3865 1265 3926 A
1287 3859 1542 3946 ,Chrysopolimt
1572 3863 1662 3945 qnod
1687 3882 1802 3928 nomen
1829 3870 1862 3927 et
1887 3861 1921 3926 in

266 3952 400 4010 metrum
423 3945 562 4026 quadrat
589 3954 623 4009 et
641 3946 785 4010 Arabiae
808 3945 927 4029 oppido
951 3945 1081 4028 dignum
1109 3955 1158 4010 est
1183 3954 1216 4011 et
1236 3948 1269 4012 in
1297 3948 1466 4030 sequentia
1484 3949 1586 4012 verba
1607 3947 1745 4031 ,plenam
1766 3950 1921 4013 bonarum

265 4032 380 4096 rerum‘
401 4030 559 4114 congruit.
603 4030 652 4093 De
675 4032 803 4114 oppidis
824 4033 854 4096 h.
876 4052 907 4096 n.
931 4031 988 4096 cfr.
1010 4031 1141 4096 Bensel.

1019 4240 1087 4321 Gap.
1108 4242 1145 4304 V.

721 4361 769 4431 Dc
794 4360 964 4433 nominum
994 4364 1205 4458 propriorum
1233 4363 1470 4438 declinatione.

353 4487 423 4571 51.
467 4490 602 4558 Plautus
626 4499 660 4557 et
680 4492 854 4557 Terentius
881 4494 1012 4559 nomina
1032 4494 1173 4579 propria,
1200 4515 1284 4578 quae
1312 4494 1487 4561 aGraocis
1512 4498 1715 4575 acceperunt,
1741 4491 1841 4557 latine
1862 4493 1924 4557 ior·

269 4581 446 4640 maverunt.
490 4578 539 4643 lla
560 4584 676 4660 autem,
699 4577 868 4661 quaejam
889 4588 964 4645 ante
985 4580 1110 4645 Livium
1132 4581 1350 4646 Andronicum
1371 4580 1488 4661 Latini,
1508 4578 1663 4643 memoria
1684 4578 1756 4644 sola
1769 4578 1840 4661 nisi,
1863 4598 1921 4643 usu

268 4667 302 4725 at
316 4660 506 4726 commercio
523 4662 731 4746 Graecorum,
755 4663 955 4748 potissimum
970 4685 1090 4748 eorum,
1105 4667 1160 4750 qui
1174 4664 1314 4732 Siciliam
1329 4672 1363 4729 et
1376 4666 1528 4745 Magnam
1542 4663 1713 4730 Graeciam
1726 4663 1921 4745 incolebant,

267 4752 497 4831 cognoverant,
530 4758 721 4835 receperant
748 4769 873 4832 usuque
894 4770 954 4816 sua
978 4753 1132 4833 fecerant,
1163 4769 1319 4834 quaeque,
1351 4759 1388 4814 nt
1407 4750 1453 4831 fit,
1485 4757 1556 4815 tota
1580 4749 1683 4816 latina
1710 4757 1803 4815 erant
1825 4752 1920 4832 sacta,

266 4831 402 4897 Plautus
427 4864 469 4878 ν
494 4853 656 4916 nunquam
688 4835 860 4904 Terentius
887 4872 929 4882 -
961 4857 1057 4921 quum
1092 4856 1213 4922 graeca
1243 4836 1440 4920 exemplaria
1464 4835 1572 4919 vertit,
1612 4856 1652 4902 ea
1678 4837 1781 4902 forma
1811 4836 1923 4900 induta

268 4952 473 4965 ——-—

339 5001 363 5073 ¹)
381 5000 469 5055 corae.
482 5000 503 5058 l.
514 5019 541 5071 p.
552 5003 613 5060 807.
648 5005 673 5072 ¹)
691 5023 714 5075 p.
737 5008 768 5064 ll
782 5023 840 5076 sqq.

1750 5111 1766 5167 5
