4358 5812
1009 406 1152 470 ..q..

256 595 406 679 neglecto
434 592 520 659 aliud
549 613 615 657 non
635 593 837 677 usurpaverit
862 594 918 657 cfr.
946 593 1138 677 Donatus¹):
1176 596 1422 675 ,Annotandnm
1455 595 1542 678 quod
1567 594 1658 676 burins
1680 596 1766 660 senis
1792 617 1913 662 nornen:

257 680 343 764 apud
356 680 541 744 Terentium
556 699 622 743 non
635 687 696 759 est;
710 680 795 762 apud
806 679 1016 744 Menandrum
1031 679 1118 745 Simo
1135 681 1270 745 dicitur‘.
1307 680 1443 746 Codices
1458 687 1617 746 testantur
1631 700 1747 748 nomen
1762 683 1907 764 ,baches‘

258 767 300 830 V.
315 764 337 829 5
350 766 383 828 in
399 766 503 847 titulo,
518 786 598 829 unus
615 766 786 829 Bembinus
803 765 942 844 ,Demea‘
958 767 1093 849 profert3
1117 786 1217 849 quare
1232 786 1328 848 quum
1343 787 1461 831 nomen
1475 766 1508 831 in
1523 772 1676 832 contextu
1690 787 1756 832 non
1770 764 1908 852 legatu'r,

256 851 478 916 veridissimile
499 871 564 914 non
588 851 712 914 videtur
737 870 809 915 esse
829 859 974 915 neutrum
994 871 1112 916 nomen
1134 853 1372 934 Terentianum,
1396 854 1454 917 sed
1469 861 1637 934 utrumque
1657 855 1908 937 agrammaticis

256 938 434 1020 profectum
446 956 527 1002 esse.
550 972 590 983 -
606 936 700 1021 Apud
714 936 863 1001 Plautum
877 944 984 1001 antem
998 937 1189 1002 Nicobulum
1205 936 1351 1021 (Bacch.)
1366 939 1563 1022 respondere
1578 957 1739 1022 personae
1754 939 1905 1023 Demeae,

258 1042 341 1106 quae
363 1032 433 1087 erat
457 1022 491 1086 in
512 1042 630 1106 graeco
654 1021 837 1105 exemplari,
867 1023 1080 1106 probabiliter
1104 1024 1336 1089 demonstravit
1368 1023 1503 1089 Ritschl.
1529 1043 1603 1106 opp.
1624 1023 1668 1089 Π.
1695 1045 1726 1108 p.
1749 1026 1823 1090 344.
1867 1027 1912 1091 Mt

258 1130 354 1192 quum
376 1107 523 1173 Plautum
545 1109 578 1173 in
600 1107 802 1173 Mostellaria
821 1108 1016 1173 Philemonis
1036 1109 1176 1173 Phasma
1194 1109 1350 1174 imitatum
1372 1130 1443 1175 esse
1465 1110 1608 1174 dubitem
1628 1129 1669 1173 an
1683 1111 1759 1194 jure
1781 1118 1913 1176 conten·

258 1196 361 1275 datur,
383 1202 482 1277 posta
502 1195 662 1259 meretrici
680 1193 803 1275 ‘Priqrrl
829 1194 916 1258 aliud
936 1215 1062 1275 nomen,
1091 1197 1228 1260 fortasse
1250 1195 1430 1279 Delphium,
1458 1194 1631 1260 substituit.
1677 1195 1741 1260 Sed
1762 1197 1824 1262 huc
1843 1217 1908 1262 non

258 1288 393 1365 spectat,
417 1281 503 1363 quod
524 1282 557 1344 in
572 1279 673 1344 Stichi
691 1278 801 1344 fabula
822 1280 952 1344 nomina
971 1300 1179 1364 personarum
1200 1303 1220 1346 a
1241 1289 1455 1347 retractatore
1476 1282 1641 1346 immutata
1661 1301 1733 1346 esse
1755 1283 1908 1363 videmus,

257 1369 304 1432 ita
335 1374 370 1430 ut
393 1366 551 1431 Plautinis
584 1367 773 1446 nominibus,
808 1365 1026 1448 Philumenae,
1057 1367 1253 1450 Pamphilae,
1279 1368 1448 1452 Pamphili,
1483 1366 1609 1431 Pinacii
1641 1368 1909 1432 substituerentur

258 1452 447 1536 Panegyris,
473 1452 647 1531 Pinacium,
679 1451 928 1536 Pamphilippus,
956 1452 1167 1535 Dinacium.³)
1212 1453 1321 1519 Simile
1349 1453 1471 1537 aliquid
1496 1454 1530 1517 in
1549 1451 1667 1517 Casina
1699 1454 1817 1518 sactum
1844 1463 1916 1538 cstp

259 1539 355 1603 etiam
377 1539 418 1601 de
434 1538 608 1621 Cymnasio
631 1537 832 1602 Cistellariae
855 1539 990 1622 cogitari
1005 1547 1126 1621 posset,
1149 1560 1245 1622 quum
1266 1540 1351 1623 apud
1365 1539 1466 1604 Prisc.
1483 1539 1514 1604 X
1530 1560 1561 1623 p.
1576 1539 1639 1604 898
1654 1561 1685 1604 v.
1700 1540 1727 1604 I.
1745 1543 1773 1604 1.
1793 1543 1821 1605 1.
1838 1561 1908 1623 sqq.

259 1644 341 1705 ,mea
363 1623 528 1706 antiphila‘
549 1644 608 1707 pro
635 1643 717 1704 ,mea
736 1625 944 1706 gymnasium‘
971 1623 1107 1708 legatur,
1135 1625 1196 1689 nisi
1218 1627 1389 1690 verbomm
1409 1633 1560 1691 contextu
1583 1633 1770 1709 comparato
1792 1626 1827 1690 in
1848 1647 1911 1707 ,an-

258 1709 381 1793 tiphila‘
403 1709 586 1773 Plautinum
609 1710 779 1791 ,antidlrac‘
801 1710 903 1774 latere
926 1709 1142 1793 appareret.⁴)

343 1794 530 1860 Communia
562 1808 636 1859 sunt
660 1797 814 1859 ambobus
840 1795 945 1879 poetis
970 1796 1120 1860 XXVIII
1140 1797 1278 1876 nomina,
1316 1816 1357 1860 ex
1384 1797 1498 1878 quibus
1522 1796 1703 1877 frequentin
1734 1798 1786 1861 vel
1813 1798 1909 1862 etiam

256 1881 516 1963 frequentissima
536 1889 610 1945 sunt
629 1881 710 1945 XX:
734 1882 875 1965 Antipho
897 1881 1011 1962 (senex
1033 1903 1083 1965 ap.
1105 1882 1165 1963 Pl,
1194 1881 1279 1947 adol.
1303 1882 1352 1946 bis
1373 1903 1423 1966 ap.
1447 1883 1546 1964 Ter),
1570 1882 1707 1948 Bacchis
1733 1882 1908 1965 (meretrix,

257 1975 308 2031 ter
329 1965 430 2050 Ten),
453 1965 599 2031 Chaerea
620 1968 732 2064 (seper
746 1967 806 2048 Pl,
829 1968 914 2033 adol.
929 1968 1085 2049 'Per-ont),
1107 1968 1262 2069 Charinus
1284 1968 1382 2067 (adol.
1399 1968 1449 2032 bis
1463 1988 1514 2069 ap.
1530 1967 1606 2050 utr.)
1629 1966 1909 2068 Chremes·(scnex

258 2053 1735 2222 tutatust?uisatur,,thiulrtlltlt{235¹tth.i,¹¹t2.tutssit:
1753 2056 1806 2204 lh
1819 2055 1910 2224 till

258 2225 379 2288 Dromo
402 2222 536 2306 (servus,
558 2244 689 2306 coquus,
712 2232 762 2288 ter
777 2224 876 2306 Ter),
900 2226 1063 2309 Myrrhina
1077 2226 1194 2309 (uxor),
1216 2225 1385 2309 Pamphila
1400 2227 1495 2303 (uxor
1508 2224 1569 2305 Pl,
1592 2226 1744 2289 meretrix
1758 2226 1807 2290 bis
1823 2227 1916 2306 Teu,

258 2311 350 2393 virgo
373 2309 472 2374 semel
494 2311 592 2391 Ten),
615 2311 801 2393 Pamphilus
822 2310 1025 2395 (adolescens
1046 2312 1095 2376 bis
1112 2313 1210 2393 Ten),
1231 2311 1420 2375 Philumena
1441 2312 1535 2391 (uxor
1556 2310 1617 2391 Pl,
1633 2312 1682 2375 bIs
1697 2310 1791 2394 virgo
1808 2313 1908 2394 Ten),

258 2395 345 2462 Simo
370 2395 484 2477 (senex
506 2396 553 2460 bis
568 2395 643 2480 Pl),
666 2397 762 2461 Sosin
781 2399 926 2477 (servus,
939 2398 989 2461 bis
1005 2398 1104 2479 Ten),
1126 2398 1149 2462 S
1165 2405 1237 2461 rato
1260 2397 1374 2482 (senex
1389 2396 1450 2477 Pl.,
1473 2396 1564 2460 miles
1581 2395 1680 2478 Teu),
1705 2395 1787 2480 Syra
1802 2399 1911 2478 (serva

258 2482 307 2545 bis
329 2482 390 2562 Pl,
413 2481 488 2545 lena
510 2481 609 2565 Ten),
632 2484 730 2566 Syrus
753 2482 887 2565 (servus,
912 2485 960 2547 bis
983 2483 1083 2567 Ten),
1106 2503 1147 2547 ex
1169 2484 1283 2566 quibus
1305 2482 1439 2548 Plautus
1459 2482 1597 2565 plurima
1617 2484 1764 2566 personis
1780 2485 1845 2548 suis
1867 2484 1912 2548 in·

205 2566 216 2582 ²
258 2568 348 2649 didit,
377 2588 459 2649 quae
487 2577 644 2632 vocantur
665 2576 786 2633 tanturn
808 2568 861 2632 rel
876 2576 983 2632 mutae
1004 2571 1173 2652 prodeunt.
1218 2569 1306 2633 Rara
1328 2577 1402 2633 sunt
1421 2569 1537 2633 deinde
1554 2568 1708 2650 quinque:
1731 2571 1909 2635 Aeschinus

258 2653 399 2734 (danista
419 2653 480 2733 Pl.,
507 2654 593 2719 adol.
618 2654 716 2737 Tea),
746 2655 986 2719 Archidemides
1013 2656 1148 2738 (senex),
1183 2654 1409 2720 Callidemides
1434 2654 1569 2737 (senex),
1600 2654 1742 2738 Phrygia
1768 2655 1911 2735 (fidicina

257 2740 319 2821 Pl,
343 2741 508 2804 servabis
532 2736 633 2820 Ten),
656 2740 812 2823 Demipho
835 2741 946 2821 (senex
968 2751 1018 2805 ter
1038 2741 1116 2825 Pl),
1140 2741 1224 2825 apud
1247 2761 1303 2805 eos
1319 2740 1406 2806 solos
1429 2741 1509 2804 haec
1524 2740 1587 2803 tria
1601 2747 1743 2804 exstant:
1770 2742 1910 2807 Archilis

259 2826 389 2907 (serva),
414 2824 576 2890 Canthara
591 2827 708 2906 (serva,
724 2846 813 2907 anus,
836 2836 887 2891 ter
901 2828 1001 2909 Ter),
1021 2827 1130 2912 Hegio
1152 2829 1273 2908 (senex,
1289 2827 1339 2891 bis
1355 2825 1446 2908 Ter.)

343 2912 528 2975 Terentium
551 2913 723 2975 eorundem
745 2915 906 2977 nominum
926 2914 958 2976 in
981 2914 1115 2977 diversis
1138 2913 1253 2977 sabulis
1275 2914 1498 2996 repetitionem
1518 2930 1584 2975 non
1604 2911 1735 2993 vitasse,
1759 2912 1910 2977 aPlanto

257 3016 389 3081 perraro
413 2998 496 3061 idem
511 3016 627 3062 nomen
648 2999 818 3082 repetitum
832 3018 904 3063 esse
919 2999 989 3081 jam
1010 3020 1050 3062 ex
1065 3001 1114 3079 iis,
1138 3019 1220 3082 quae
1236 3019 1333 3082 supra
1354 2997 1652 3077 demonstravimus,
1670 2996 1785 3061 clucet.
1821 2999 1911 3063 Inter

258 3083 404 3147 hXXXl
425 3083 555 3147 nomina
582 3085 780 3149 Terentiana
805 3084 965 3149 iterantur
988 3085 1087 3150 XXV
1119 3085 1140 3149 i.
1164 3105 1192 3149 s.
1215 3087 1282 3148 fere
1304 3086 1443 3168 quinque
1469 3083 1540 3167 plus
1566 3103 1664 3165 quam
1685 3089 1803 3166 quarta
1824 3105 1910 3167 pars.

259 3168 402 3245 Quater
428 3189 492 3234 uno
523 3169 652 3233 nomine
687 3170 943 3252 frequentissimo
976 3172 1075 3235 utitur
1101 3171 1292 3253 Chremetis;
1329 3179 1390 3235 ter
1421 3169 1608 3253 vulgaribus
1630 3170 1811 3233 nominibus
1839 3190 1909 3234 sex:

258 3254 414 3335 ,Bacchia
436 3255 525 3319 Crito
549 3255 682 3338 (senex),
704 3257 836 3338 Dromo,
856 3257 1034 3340 Pamphila,
1055 3257 1181 3322 Phania
1203 3258 1337 3341 (senex),
1360 3257 1519 3321 Parmeno
1542 3254 1697 3339 (servus);
1726 3276 1800 3335 uno,
1824 3256 1911 3338 quod

257 3359 332 3403 raro
348 3336 427 3404 alias
442 3341 614 3406 invenitur:
639 3340 788 3406 Sostrata
801 3343 917 3426 (uror),
942 3365 1014 3424 uno,
1031 3345 1118 3426 quod
1133 3343 1311 3408 solitarium
1327 3355 1390 3408 est:
1414 3342 1590 3424 Canthara;
1614 3341 1672 3405 bis
1683 3342 1814 3405 nomina
1827 3342 1911 3406 XIV

258 3432 370 3490 extant
388 3426 478 3490 trita:
503 3429 655 3511 AntIpho,
678 3426 792 3509 Clinia,
814 3428 981 3509 Charinus,
997 3431 1155 3510 Cratinus,
1175 3431 1291 3511 Cavos,
1307 3431 1401 3509 Geta,
1423 3428 1548 3493 Laches
1564 3425 1699 3509 (senex),
1713 3428 1910 3511 Pamphilus,

257 3511 418 3576 Phaedria
432 3513 611 3594 (adolescl,
634 3514 831 3596 Philumena,
854 3515 1005 3600 Phrygia,
1028 3515 1137 3600 Syrus,
1154 3516 1273 3580 Sannio
1291 3515 1426 3598 (servus,
1441 3514 1542 3596 leno),
1563 3514 1668 3592 Sosia,
1683 3533 1779 3577 unum
1793 3534 1912 3578 nomen

257 3617 377 3661 rarum:
405 3597 575 3680 Sophrona
597 3599 739 3683 (nutrix),
761 3622 856 3664 ununr
878 3603 964 3683 quod
986 3601 1164 3665 solitarium
1184 3611 1247 3664 est:
1271 3601 1389 3685 Hegio.
1412 3636 1451 3645 -
1475 3599 1597 3663 Contra
1617 3598 1751 3662 Plautus
1774 3600 1867 3678 XIII,
1890 3601 1910 3662 i.

258 3703 286 3748 e.
309 3684 376 3747 fere
398 3683 579 3749 vicesimam
601 3687 726 3750 tertiam
748 3695 881 3769 partem,
905 3687 975 3770 plus
998 3688 1096 3752 semol
1112 3686 1286 3770 usurpavit.
1332 3687 1397 3751 Ter
1419 3693 1587 3769 ponuntur
1601 3685 1664 3748 duo
1681 3685 1824 3750 nomina:
1853 3686 1911 3749 Pe·

257 3770 407 3853 riphanes
431 3769 564 3854 (senex),
588 3773 674 3855 quod
695 3783 745 3837 est
765 3792 883 3837 nomen
903 3773 1075 3856 singulare,
1098 3781 1144 3837 et:
1168 3773 1338 3856 Demipho;
1361 3772 1409 3836 bis
1420 3772 1486 3836 XI:
1509 3769 1661 3835 Callicles
1674 3771 1809 3854 (senex),
1833 3771 1910 3835 Cha-

257 3855 355 3936 rinus,
378 3855 564 3921 Charmides
577 3856 712 3942 (senex),
735 3858 978 3943 Dinia(sencrr),
1001 3859 1175 3939 Dromo,L
1198 3859 1256 3923 dus
1272 3857 1422 3941 (servus),
1446 3856 1574 3922 Saturio
1590 3857 1787 3941 (parasitus),
1811 3857 1908 3937 Simo,

259 3938 350 4025 Syra,
370 3940 545 4024 Paegnium
562 3943 697 4025 (servus,
720 3945 886 4025 adolessi,
909 3945 1035 4010 Stichus
1049 3880 1198 4028 (servasi,
1221 3964 1339 4009 nomen
1360 3943 1548 4008 solitarium.

344 4031 453 4111 Atque
471 4028 518 4090 ita
539 4028 716 4110 explicatur
737 4032 822 4114 apud
844 4031 1029 4096 Terentium
1051 4051 1092 4095 ne
1112 4032 1235 4096 numeri
1257 4031 1385 4113 quidem
1405 4029 1585 4095 fabularum
1611 4028 1737 4092 ratione
1759 4026 1909 4110 neglecta

260 4113 360 4176 minus
381 4112 542 4178 nominum
561 4116 696 4196 reperiri
716 4137 811 4198 quarn
832 4118 915 4201 apud
937 4118 1085 4182 Plautum
1100 4117 1195 4200 idque
1216 4117 1261 4198 fit,
1285 4116 1346 4181 etsi
1367 4115 1400 4179 in
1420 4114 1537 4179 fabulis
1558 4115 1763 4179 Terentianis
1785 4132 1911 4194 semper

260 4218 466 4281 personarum
488 4198 580 4282 paria
601 4196 677 4279 (duo
701 4221 804 4283 senes,
826 4204 889 4267 duo
911 4205 1136 4269 adolescentes
1158 4202 1233 4286 etc.)
1256 4210 1376 4284 extant,
1402 4203 1486 4285 quod
1509 4201 1593 4284 apud
1616 4201 1763 4264 Plautum
1789 4218 1852 4262 non
1874 4197 1919 4262 lit.

260 4284 321 4347 nisi
342 4285 374 4346 in
396 4285 619 4365 Bacchidibus,
653 4285 769 4350 deinde
792 4288 853 4353 etsi
874 4290 1045 4354 Terentius
1072 4289 1273 4373 pedissequis
1301 4289 1354 4353 all.
1379 4289 1521 4371 exceptis
1545 4307 1613 4351 non
1634 4286 1736 4350 solum
1763 4285 1909 4367 personis

261 4377 413 4452 actorum,
435 4392 545 4436 verum
567 4371 662 4434 etiam
683 4380 792 4451 κωφοῖς
814 4375 980 4454 προσώποις
1002 4376 1132 4439 nomina
1152 4396 1211 4440 sua
1232 4375 1310 4440 fecit
1331 4410 1371 4421 -
1394 4376 1511 4439 etenim
1533 4372 1681 4435 fidicinas
1701 4370 1759 4449 illi,
1787 4370 1909 4434 amicae

261 4454 487 4538 Ctesiphontis,
509 4479 599 4522 suurn
619 4477 735 4521 nomen
756 4459 896 4524 restitnit
916 4461 1069 4526 Bacchidi
1092 4462 1163 4526 cod.
1187 4466 1217 4526 A
1239 4463 1301 4527 Ad.
1323 4462 1366 4526 11.
1393 4464 1425 4542 13
1449 4458 1564 4522 nutrici
1584 4455 1772 4538 Antiphilae
1789 4456 1913 4521 Heant..

260 4542 319 4606 IV.
343 4545 371 4604 1.
395 4541 477 4606 idem
498 4544 581 4608 liber
600 4563 716 4607 nomen
737 4542 917 4609 Cantharae
940 4547 1095 4629 servavit;
1118 4568 1213 4610 unum
1236 4547 1412 4632 exemplum
1432 4560 1589 4627 personae
1610 4540 1746 4606 nominis
1770 4543 1909 4625 expertis

261 4635 311 4693 est
331 4627 412 4691 idun.
434 4626 475 4691 V.
497 4630 563 4711 55⁵)
586 4666 624 4676 -
648 4637 762 4695 contra
782 4630 867 4713 apud
887 4631 1036 4696 Plautum
1056 4653 1123 4697 non
1143 4635 1239 4697 modo
1262 4629 1480 4697 advorsitores
1502 4626 1555 4696 all.
1576 4626 1756 4692 nominibus
1778 4648 1843 4692 non
1864 4628 1916 4693 in·-

262 4714 330 4776 duti
351 4733 453 4796 paene
473 4713 505 4776 in
528 4717 672 4780 omnibus
692 4715 809 4780 tabulis
829 4716 997 4799 prodeunt,
1024 4718 1083 4782 sed
1105 4719 1200 4782 etiam
1221 4718 1382 4783 actoribus
1404 4709 1482 4797 ipsis
1502 4715 1619 4777 desunt
1639 4713 1783 4777 nomina:
1817 4713 1909 4778 Asin.

260 4800 440 4880 mercatori,
463 4801 619 4884 parasit0;
643 4802 733 4885 Capt
756 4822 850 4867 servo
873 4802 1045 4886 Hegionis,
1070 4802 1161 4868 Curc.
1185 4822 1289 4884 coquo
1307 4799 1511 4880 Phaedromi,
1533 4799 1690 4883 chorago;
1714 4799 1786 4864 Cas.
1803 4819 1909 4882 coquo

314 4905 468 5017 'iffi
482 4933 510 4988 V.
530 4934 553 4988 ⁸.
575 4936 596 4987 l·
641 4937 665 5002 ²)
686 4939 760 4993 llein.
779 4937 840 5006 Frg.
858 4938 889 4990 lv
909 4957 933 5008 p.
952 4937 994 4994 29.
1039 4936 1064 5006 ⁸)
1083 4940 1121 4991 De
1142 4938 1291 5006 Epignomo
1319 4940 1365 4998 cit,
1388 4955 1409 4994 s.
1429 4954 1454 4994 v,
1495 4937 1520 5004 ⁴)
1540 4936 1643 4987 Ilitschl.
1665 4951 1727 5004 opp.
1748 4935 1769 4987 ΙΙ
1798 4954 1823 5005 p.
1851 4936 1916 4992 48⁴.

261 5005 286 5074 ⁸)
305 5003 345 5056 ua
363 5005 410 5057 rllo
429 5005 500 5065 Catu,
519 5018 594 5071 quern
613 5002 713 5058 Plantas
731 5007 852 5075 Cyamnur
872 5009 975 5061 roravit
993 5009 1039 5065 clr.
1059 5024 1079 5061 s.
1098 5025 1123 5066 v.
1162 5008 1187 5076 ⁶)
1206 5008 1251 5064 cir.
1270 5010 1347 5076 paulo
1367 5024 1452 5076 supra.
