4358 5812
1007 333 1175 397 „15-

261 519 519 585 Stratonicus.
564 519 648 585 Bnd.
669 520 746 600 9323
772 539 899 600 nomen,
924 521 1011 602 quod
1039 521 1211 585 Lambinus
1238 540 1259 583 a
1283 519 1400 584 Plauto
1428 519 1535 585 fictum
1562 541 1634 587 esee
1664 523 1776 605 voluit,
1804 523 1917 589 Douaa

301 614 390 672 recte
411 607 455 672 ed
474 606 700 687 Stratonicum,
723 614 926 691 quaestorem
950 606 1128 672 Alexandri
1148 607 1369 690 praedivitem,
1392 607 1512 671 retulit.

261 692 523 759 Timarchides
544 712 566 756 a
589 694 737 773 Ίῖμιιρχος
758 693 815 757 etr.
837 712 868 776 p.
891 695 941 757 11.
1489 741 1491 744 .

260 779 496 845 Theotimus.
541 776 749 859 Muellerum)
772 777 847 842 coll.
870 776 1055 843 Cleostrata
1075 776 1244 862 proposuit
1261 777 1458 859 Theotimus,
1481 777 1522 842 de
1544 797 1608 860 qua
1628 779 1733 845 forma
1752 779 1809 845 cir.
1832 780 1913 846 Ahr.

302 864 387 930 Dial.
406 863 441 929 Π
466 885 497 949 p.
526 863 590 929 215
611 871 645 928 et
664 863 794 928 Bensel.
815 863 856 928 de
877 883 963 929 nom.
985 865 1026 929 ab
1049 863 1141 928 Thea
1166 900 1201 910 —
1219 863 1445 948 incipientibus
1466 863 1500 927 in
1522 863 1587 929 lex.
1623 862 1688 930 Sed
1712 864 1817 932 torma
1838 867 1915 934 mihi

303 950 452 1036 displicet
469 969 574 1032 neque
594 950 779 1015 necessaria
798 957 858 1014 est
1246 972 1247 976 ¹

344 1037 419 1102 Hoc
440 1035 514 1101 loco
534 1036 642 1101 statim
656 1033 722 1099 alia
735 1036 892 1118 quaedam
906 1035 1045 1116 nomina,
1067 1053 1107 1100 ex
1122 1035 1257 1120 historia
1277 1034 1331 1098 vel
1345 1033 1545 1120 mythologie
1557 1036 1707 1119 repetita,
1730 1037 1913 1124 adjungam.

258 1125 281 1189 J
287 1130 375 1189 aso.v
406 1122 524 1187 Pseud.
551 1123 577 1186 1.
604 1122 635 1186 2.
659 1121 712 1187 59.
739 1122 803 1187 Hic
828 1141 896 1202 rex,
924 1128 960 1184 ut
979 1121 1153 1186 Lambinus
1180 1129 1269 1186 recte
1294 1122 1426 1201 monuit,
1450 1141 1516 1185 non
1545 1128 1596 1186 est
1621 1124 1822 1208 monente,
1855 1125 1915 1190 sed

301 1207 491 1275 Thessaliae
516 1217 679 1291 tyrannus,
710 1207 765 1291 qui
789 1214 897 1272 aetate
921 1206 1164 1290 Epaminondae
1189 1206 1306 1272 floruit
1354 1206 1531 1273 Salmasius
1557 1227 1617 1292 pro
1650 1208 1739 1274 librr.
1771 1209 1912 1275 lectione

300 1296 476 1377 ,Jasonem‘
492 1294 677 1377 conjecerat
692 1293 890 1375 ,Jasionem‘,
912 1300 947 1357 ut
962 1301 1049 1357 esset
1063 1292 1190 1358 Cereris
1204 1292 1260 1358 ille
1275 1293 1407 1374 amicus,
1427 1293 1547 1358 slave
1561 1293 1693 1360 fulmine
1707 1296 1914 1381 interfectum

302 1401 373 1446 earn
397 1388 613 1445 correctmam
640 1378 846 1460 Bitschelins,
873 1379 1114 1460 Tlecheisenns,
1140 1378 1345 1463 Ladewigius
1373 1379 1428 1444 all.
1450 1379 1678 1462 probaverunt.
1728 1381 1793 1447 Sed
1819 1383 1914 1448 codd.

299 1467 458 1550 scriptura
477 1465 674 1530 immutanda
692 1486 757 1529 non
779 1473 839 1530 est
883 1466 1023 1529 Primum
1045 1465 1129 1529 enim
1155 1465 1286 1530 heroem
1307 1463 1424 1550 regem*
1440 1464 1504 1529 dici
1526 1465 1670 1548 offendit,
1693 1467 1810 1532 deinde
1835 1469 1916 1533 veri·

302 1551 457 1618 dissimile
475 1559 526 1616 eet
546 1551 705 1629 Plautum,
727 1534 1009 1634 qni‘absconditas
1029 1550 1155 1615 fabulas
1181 1571 1247 1615 non
1274 1552 1442 1635 proferret,
1467 1558 1533 1614 tam
1559 1552 1759 1618 reconditam
1785 1559 1915 1637 tamque

301 1637 476 1704 fabularem
500 1657 572 1701 cum
593 1637 653 1702 hac
675 1657 710 1701 re
730 1637 985 1721 cunjunctionem
1007 1637 1170 1720 petivisse.
1214 1637 1296 1703 Tum
1311 1657 1341 1702 v.
1366 1638 1437 1718 193,
1459 1656 1554 1719 quum
1568 1637 1729 1702 nisiinter
1746 1640 1915 1706 interlocu-

300 1733 390 1790 tores
412 1742 523 1788 versus
544 1743 610 1787 non
632 1723 824 1805 dividantur,
848 1722 1031 1788 Gallidorus
1046 1731 1152 1789 autem
1167 1729 1201 1788 et
1213 1722 1394 1788 Pseudolus
1409 1743 1480 1788 cum
1495 1722 1644 1788 Ballione
1663 1724 1743 1789 nihil
1765 1726 1914 1809 habeant,

301 1812 359 1876 sed
373 1829 480 1875 secum
493 1809 555 1892 ipsi
569 1808 803 1890 colloquantur,
817 1809 902 1874 inter
913 1807 1111 1874 Gallidorum
1126 1818 1160 1873 et
1171 1808 1351 1874 Ballionem
1362 1809 1510 1873 distribui
1523 1810 1649 1893 nequit3
1672 1830 1777 1893 neque
1788 1810 1915 1894 lacuna,

302 1908 396 1980 qnam
418 1917 447 1959 v.
473 1895 535 1961 194
555 1916 607 1959 vv.
630 1895 682 1958 dd.
705 1902 894 1976 statuerunt,
922 1902 978 1960 aut
998 1896 1168 1960 verborum
1190 1914 1338 1960 connexu
1365 1903 1422 1960 aut
1446 1893 1512 1960 loci
1537 1897 1698 1961 sententia
1722 1898 1913 1981 postulatur.

302 1982 409 2060 Quare
431 1988 519 2046 recte
538 1981 743 2046 Hermannus
764 1983 887 2046 monuit

522 2067 639 2147 Andin,
662 2067 794 2132 furcifer
815 2087 897 2150 qnae
918 2065 1079 2148 loquitur?
1101 2066 1186 2131 satin
1207 2065 1394 2151 magnificus
1417 2066 1476 2131 tibi
1496 2065 1644 2131 videtur?

298 2156 399 2218 troch.
421 2160 484 2218 oct
505 2173 576 2217 esse
599 2164 631 2216 et
653 2151 809 2217 callidori
830 2153 980 2235 servique
1000 2172 1179 2217 sermonem
1200 2153 1325 2217 duobus
1341 2153 1485 2217 versibne
1501 2152 1626 2234 confici,
1649 2153 1830 2219 Ballionem
1847 2175 1916 2220 ora·

301 2241 422 2304 tionem
441 2259 530 2303 snam
552 2238 652 2303 olaus.
665 2239 767 2321 jamh.
788 2241 872 2303 trim
894 2238 994 2303 finire.
1039 2237 1117 2304 Sine
1131 2238 1228 2303 dubio
1243 2237 1377 2304 Plautus
1393 2239 1472 2303 haec
1486 2237 1731 2323 diligentissime
1746 2259 1764 2304 e
1779 2240 1914 2307 Graccis

301 2325 410 2407 vertit;
442 2322 551 2390 fabula
577 2325 670 2406 enim,
699 2346 795 2409 qnam
820 2334 948 2390 secutus
974 2333 1033 2404 est,
1061 2325 1186 2390 mediae
1211 2325 1399 2390 comoediae
1424 2324 1523 2389 fuisse
1541 2325 1678 2406 videtur,
1708 2326 1759 2390 cui
1780 2328 1913 2392 Jasonis

324 2431 441 2477 creona
462 2431 483 2476 a
505 2419 540 2474 ta
561 2418 620 2475 est.

257 2433 443 2562 Pdlthao.
483 2432 571 2561 lllen.
588 2496 629 2561 V.
652 2498 681 2561 l.
703 2497 745 2562 45
763 2493 943 2578 (742)lect
958 2495 1046 2579 vulg.
1062 2493 1367 2578 poethmerarium
1389 2494 1636 2576 ,Parthao‘fnit
1675 2494 1760 2560 Boo
1789 2497 1912 2578 ,Porth-

301 2584 419 2735 ἓοιιὲξδ
438 2602 538 2733 quffiure
571 2583 754 2731 {mandavit
774 2581 934 2666 Berghius
962 2580 1149 2661 ,Porthaon‘
1172 2580 1298 2666 (melius
1324 2581 1503 2663 ,Portha0‘)
1531 2581 1588 2646 cfr.
1616 2580 1772 2664 Polyaen.
1801 2584 1913 2650 V1.1.

324 2719 332 2735 .
392 2690 443 2732 nx
502 2689 552 2733 en.
593 2688 652 2733 .c.

257 2755 429 2835 Phintia,
451 2754 603 2838 Liparo.
648 2753 912 2819 Manliana
939 2773 1010 2836 sqq.
1038 2752 1166 2836 tyranni
1191 2750 1385 2835 Syracusani
1412 2759 1580 2832 vocantur,
1608 2752 1663 2836 qni
1690 2752 1819 2818 aliunde
1844 2755 1913 2819 noti

246 2874 249 2879 ·
299 2862 364 2906 non
386 2848 472 2923 aunt3
496 2860 629 2924 quorum
651 2840 740 2924 prior
761 2840 899 2921 Phintia,
922 2839 984 2903 etsi
1004 2838 1141 2920 Brixiae,
1166 2858 1237 2904 cum
1258 2839 1298 2903 de
1327 2838 1470 2922 tyrannis
1494 2836 1705 2922 Syracusanis
1731 2859 1836 2904 sermo
1859 2841 1914 2922 sit,
1952 2901 1954 2904 ⁴

199 2943 205 2956 ·
299 2926 321 2991 l.
344 2948 372 2993 c.
393 2935 562 3011 tyrannum
580 2926 829 3011 Agrigentinum
849 2923 1094 2989 commemorari
1113 2944 1210 3007 posse
1232 2932 1340 3008 negat,
1362 2931 1480 3006 tamen,
1503 2925 1590 3006 quod
1606 2924 1671 2989 alia
1692 2945 1819 3009 quoquc
1834 2927 1915 2991 vitia

300 3012 411 3078 inille
432 3031 579 3077 sermone
601 3012 889 3097 deprehenduntur,
910 3011 996 3074 idem
1020 3018 1071 3075 est
1097 3029 1136 3074 ac
1157 3010 1302 3075 Phintias
1327 3010 1384 3075 ille
1406 3011 1650 3095 Agrigentinus,
1677 3011 1733 3093 qui
1751 3012 1913 3077 Phintiam

194 3148 213 3177 τ
300 3097 1914 3266 arirarimaremurremoraziamaristarum

256 3253 261 3263 .
753 3232 761 3264 1
1725 3233 1732 3265 i

301 3268 395 3350 mala,
417 3277 452 3333 ut
472 3269 517 3349 fit,
540 3290 607 3335 rem
628 3269 789 3334 narrantis
810 3275 845 3333 et
864 3289 1022 3352 personas
1043 3275 1188 3352 tempora
1201 3268 1276 3333 loca
1294 3270 1381 3334 saeta
1401 3268 1497 3333 facile
1518 3269 1786 3351 conhrndentis2),
1809 3276 1915 3353 poste·

301 3355 396 3419 rioris
418 3375 535 3420 nomen
561 3356 595 3419 in
622 3356 757 3420 historia
782 3375 914 3439 prorsus
940 3355 1114 3420 intercidit.
1158 3353 1259 3419 Codd.
1288 3355 1436 3436 ,Pinthia‘
1463 3361 1632 3436 testantur,
1658 3356 1745 3437 qnod
1773 3355 1913 3420 Grutero

299 3440 422 3525 placuit
442 3448 475 3504 et
495 3441 572 3506 ferri
590 3448 708 3525 potest,
731 3461 826 3523 quum
847 3440 965 3519 Pintia,
987 3440 1126 3520 Pinthia,
1142 3440 1282 3521 Phintia,
1303 3441 1387 3506 inter
1402 3459 1438 3504 sc
1453 3460 1518 3504 non
1534 3441 1672 3522 diversa,
1696 3441 1915 3524 respondeant

381 3546 420 3590 co
438 3525 571 3602 Φιντίας
591 3528 739 3610 equidem
752 3526 961 3611 praetulerim
975 3526 1135 3607 ,Phintia‘,
1157 3526 1268 3590 dorice
1292 3524 1412 3599 Φιντίας
1425 3546 1485 3609 pro
1506 3525 1643 3610 driving
1663 3527 1858 3592 Bitscbelius
1881 3536 1914 3592 et

331 3612 430 3675 rixius
452 3612 622 3678 ediderunt
643 3613 780 3695 ,Pintia‘,
802 3612 836 3676 id
858 3612 945 3695 qnod
967 3612 1102 3677 Plautus
1131 3613 1216 3676 sine>
1229 3612 1326 3676 dnbio
1353 3611 1497 3696 scripsit;
1525 3613 1584 3677 sed
1609 3612 1687 3677 alibi
1711 3612 1759 3677 illi
1784 3633 1913 3697 qnoque

300 3698 533 3867 hiltibert
561 3698 1242 3866 PiffiaPiffiridllilsslhnl‘ii
1251 3698 1761 3867 ,titilthttthtth
1782 3698 1912 3850 itti

303 3869 480 3952 ,Plinthias‘
492 3867 554 3929 dud
566 3876 615 3930 rot
626 3874 750 3933 πΜνθυυ
761 3881 795 3936 et
806 3871 971 3955 ,Lyparos‘
983 3869 1004 3934 i.
1017 3890 1044 3934 e.
1058 3868 1222 3952 ,λιιπαρόςῆ
1233 3870 1358 3955 λυπηρός
1369 3871 1389 3935 i.
1403 3890 1431 3936 e.
1444 3871 1570 3934 saevns‘
1580 3805 1768 3936 somnlando
1779 3869 1911 3935 invenit

303 3955 477 4037 Λιπάρωνιι
491 3958 627 4037 Arangae
644 3977 755 4022 verum
769 3977 884 4022 nomen
901 3966 961 4021 est.
998 3955 1161 4039 ,Pythias‘,
1177 3956 1264 4038 quo'd
1278 3956 1474 4021 Hermolaus
1490 3964 1525 4020 et
1537 3955 1720 4040 Lambinus,
1742 3956 1911 4038 Panthia‘,

303 4040 597 4125 quoddamerarius
609 4045 786 4126 proposuit,
796 4043 926 4107 nomina
935 4042 1102 4106 nonmodo
1113 4061 1362 4124 supervacanea,
1374 4043 1432 4107 sed
1443 4062 1484 4107 ne
1494 4043 1681 4108 verisimilia
1690 4043 1816 4126 quidem
1826 4049 1911 4107 sunt

259 4144 608 4380 lldlidhdlnlildess
620 4230 896 4314 Archonides³)
915 4266 943 4276 -
967 4229 1911 4314 dratinus-Orico-Oallidamides-Demipho

260 4314 611 4468 Demearebllnlsetrls:
634 4398 704 4482 ,dud
725 4406 775 4461 τοῦ
795 4400 886 4479 δήμου
907 4401 928 4466 ’a
950 4421 980 4466 e.
1002 4402 1097 4468 homo
1120 4402 1261 4486 antiquis
1283 4345 1434 4468 moribns‘
1457 4401 1635 4483 ,Doertien‘
1679 4399 1773 4477 Quod
1795 4420 1912 4467 nomen

302 4494 418 4570 postea
438 4491 524 4553 senis
544 4489 677 4553 notione
697 4488 841 4552 indutum
863 4507 922 4552 nau
942 4496 1105 4572 receptum
1126 4487 1220 4573 catil)
1292 4517 1297 4529 ,
1360 4549 1364 4559 ,
1812 4559 1817 4566 ,

258 4571 418 4720 Εἰς-ἰαὶ]
436 4571 685 4725 Μιιιοιιιειεθέἀπό
706 4576 757 4634 rot
775 4572 910 4651 ἡγεῖσθαι
925 4594 953 4700 4ιι
973 4573 1071 4707 ᾱιιοιιι
1092 4593 1150 4639 sen
1171 4573 1373 4657 principatu!
1388 4570 1650 4636 -Laches-
1666 4570 1909 4638 Menedemus

260 4658 566 4820 nrsropallssfflf
585 4708 698 4828 (aaa
719 4743 852 4828 parvus)
872 4744 929 4809 aa.
951 4744 1032 4809 mea
1054 4766 1085 4828 p.
1109 4745 1182 4811 reo.
1297 4714 1323 4834 f
1601 4840 1607 4847 .
1706 4798 1711 4807 .

332 4879 355 4946 ¹)
371 4877 473 4935 liechtr.
497 4896 520 4934 ι.
538 4879 615 4946 plant.
635 4879 743 4934 Prorod.
766 4899 793 4949 p.
811 4884 853 4938 57.
889 4884 912 4939 ‘t
930 4881 1002 4938 llost
1028 4878 1141 4959 (lamp.
1160 4880 1184 4938 t.
1223 4878 1247 4945 ³)
1265 4878 1312 4932 cit.
1337 4876 1402 4929 rtet
1420 4893 1446 4944 p.
1468 4877 1498 4928 ta
1523 4877 1583 4962 coli,
1608 4857 1777 4944 Ἅρχώΰας.
1819 4879 1843 4946 ⁴)
1862 4880 1908 4935 alr.

260 4966 285 5018 p.
307 4947 346 5031 tt.
382 4950 407 5018 ⁸)
425 4949 460 5000 lta
478 4948 649 5012 coematur,
669 4950 738 5019 qnod
759 4967 837 5019 snpra
854 4950 887 5003 de
906 4950 1002 5004 Demea
1019 4959 1046 5004 et
1063 4949 1173 5002 tactae
1191 4949 1287 5001 dictum
1304 4955 1346 4998 eet
1362 4963 1389 5016 p.
1409 4950 1431 5000 7.
