<?xml version="1.0" encoding="UTF-8"?>
<!DOCTYPE html PUBLIC "-//W3C//DTD XHTML 1.0 Transitional//EN"
    "http://www.w3.org/TR/xhtml1/DTD/xhtml1-transitional.dtd">
<html xmlns="http://www.w3.org/1999/xhtml" xml:lang="en" lang="en">
 <head>
  <title>
</title>
<meta http-equiv="Content-Type" content="text/html;charset=utf-8" />
  <meta name='ocr-system' content='tesseract 3.04.00' />
  <meta name='ocr-capabilities' content='ocr_page ocr_carea ocr_par ocr_line ocrx_word'/>
</head>
<body>
  <div class='ocr_page' id='page_1' title='image "./denominibusprop00koengoog_0017.png"; bbox 0 0 4374 6150; ppageno 0'>
   <div class='ocr_carea' id='block_1_1' title="bbox 1029 225 1247 323">
    <p class='ocr_par' dir='ltr' id='par_1_1' title="bbox 1029 225 1247 323">
     <span class='ocr_line' id='line_1_1' title="bbox 1029 225 1247 323; baseline -0.005 -33"><span class='ocrx_word' id='word_1_1' title='bbox 1029 225 1247 323; x_wconf 46' lang='lat'><strong>*¹25</strong></span> 
     </span>
    </p>
   </div>
   <div class='ocr_carea' id='block_1_2' title="bbox 325 379 1939 497">
    <p class='ocr_par' dir='ltr' id='par_1_2' title="bbox 325 379 1939 497">
     <span class='ocr_line' id='line_1_2' title="bbox 325 379 1939 497; baseline -0.002 -15"><span class='ocrx_word' id='word_1_2' title='bbox 325 437 442 482; x_wconf 91' lang='lat' dir='ltr'><strong>nomeu</strong></span> <span class='ocrx_word' id='word_1_3' title='bbox 475 415 517 480; x_wconf 89' lang='lat' dir='ltr'><strong>sit</strong></span> <span class='ocrx_word' id='word_1_4' title='bbox 542 379 636 478; x_wconf 87' lang='lat' dir='ltr'><strong>amici</strong></span> <span class='ocrx_word' id='word_1_5' title='bbox 664 411 853 492; x_wconf 86' lang='lat' dir='ltr'><strong>Charmidis,</strong></span> <span class='ocrx_word' id='word_1_6' title='bbox 884 432 944 477; x_wconf 89' lang='lat' dir='ltr'><strong>nee</strong></span> <span class='ocrx_word' id='word_1_7' title='bbox 975 412 1106 497; x_wconf 88' lang='lat' dir='ltr'><strong>placent</strong></span> <span class='ocrx_word' id='word_1_8' title='bbox 1136 412 1269 477; x_wconf 86' lang='lat' dir='ltr'><strong>aliorum</strong></span> <span class='ocrx_word' id='word_1_9' title='bbox 1300 418 1480 476; x_wconf 88' lang='lat' dir='ltr'><strong>commenta</strong></span> <span class='ocrx_word' id='word_1_10' title='bbox 1501 382 1688 494; x_wconf 65' lang='lat' dir='ltr'><strong>,calbenos</strong></span> <span class='ocrx_word' id='word_1_11' title='bbox 1707 413 1939 494; x_wconf 84' lang='lat' dir='ltr'><strong>,Callidamaa‘.</strong></span> 
     </span>
    </p>
   </div>
   <div class='ocr_carea' id='block_1_3' title="bbox 212 497 1975 4798">
    <p class='ocr_par' dir='ltr' id='par_1_3' title="bbox 277 497 1941 755">
     <span class='ocr_line' id='line_1_3' title="bbox 328 497 1937 585; baseline -0.002 -16"><span class='ocrx_word' id='word_1_12' title='bbox 328 502 505 585; x_wconf 84' lang='lat' dir='ltr'><strong>,Callistia‘,</strong></span> <span class='ocrx_word' id='word_1_13' title='bbox 520 500 606 581; x_wconf 88' lang='lat' dir='ltr'><strong>quod</strong></span> <span class='ocrx_word' id='word_1_14' title='bbox 618 499 659 563; x_wconf 87' lang='lat' dir='ltr'><strong>ad</strong></span> <span class='ocrx_word' id='word_1_15' title='bbox 671 501 765 565; x_wconf 89' lang='lat' dir='ltr'><strong>codd.</strong></span> <span class='ocrx_word' id='word_1_16' title='bbox 777 499 949 564; x_wconf 90' lang='lat' dir='ltr'><strong>lectionem</strong></span> <span class='ocrx_word' id='word_1_17' title='bbox 962 500 1106 582; x_wconf 84' lang='lat' dir='ltr'><strong>proxime</strong></span> <span class='ocrx_word' id='word_1_18' title='bbox 1117 499 1251 577; x_wconf 86' lang='lat' dir='ltr'><strong>aceedit,</strong></span> <span class='ocrx_word' id='word_1_19' title='bbox 1268 497 1295 560; x_wconf 88' lang='lat' dir='ltr'><strong>si</strong></span> <span class='ocrx_word' id='word_1_20' title='bbox 1305 516 1489 563; x_wconf 89' lang='lat' dir='ltr'><strong>nomenusu</strong></span> <span class='ocrx_word' id='word_1_21' title='bbox 1501 500 1609 564; x_wconf 73' lang='lat' dir='ltr'><strong>mitum</strong></span> <span class='ocrx_word' id='word_1_22' title='bbox 1621 509 1717 582; x_wconf 88' lang='lat' dir='ltr'><strong>esset,</strong></span> <span class='ocrx_word' id='word_1_23' title='bbox 1729 500 1937 585; x_wconf 74' lang='lat' dir='ltr'><strong>praeferrem.</strong></span> 
     </span>
     <span class='ocr_line' id='line_1_4' title="bbox 278 582 1723 672; baseline -0.003 -17"><span class='ocrx_word' id='word_1_24' title='bbox 278 587 536 672; x_wconf 84' lang='lat' dir='ltr'><strong>Callicles-</strong></span> <span class='ocrx_word' id='word_1_25' title='bbox 559 584 846 650; x_wconf 74' lang='lat' dir='ltr'>Callidemides</span> <span class='ocrx_word' id='word_1_26' title='bbox 869 620 906 630; x_wconf 91' lang='lat'><em>-</em></span> <span class='ocrx_word' id='word_1_27' title='bbox 932 584 1151 650; x_wconf 75' lang='lat' dir='ltr'><strong>Callinicus</strong></span> <span class='ocrx_word' id='word_1_28' title='bbox 1171 618 1214 631; x_wconf 89' lang='lat'>-</span> <span class='ocrx_word' id='word_1_29' title='bbox 1236 582 1420 668; x_wconf 78' lang='lat' dir='ltr'><strong>Callipho</strong></span> <span class='ocrx_word' id='word_1_30' title='bbox 1443 618 1485 631; x_wconf 84' lang='lat'>-</span> <span class='ocrx_word' id='word_1_31' title='bbox 1507 586 1723 671; x_wconf 89' lang='lat' dir='ltr'><strong>Callippus.</strong></span> 
     </span>
     <span class='ocr_line' id='line_1_5' title="bbox 277 668 1941 755; baseline -0.002 -15"><span class='ocrx_word' id='word_1_32' title='bbox 277 674 575 740; x_wconf 86' lang='lat' dir='ltr'><strong>Callimarehus.</strong></span> <span class='ocrx_word' id='word_1_33' title='bbox 619 671 710 736; x_wconf 83' lang='lat' dir='ltr'><strong>Trin.</strong></span> <span class='ocrx_word' id='word_1_34' title='bbox 741 673 799 736; x_wconf 86' lang='lat' dir='ltr'><strong>IV.</strong></span> <span class='ocrx_word' id='word_1_35' title='bbox 821 673 852 736; x_wconf 75' lang='grc'><strong>2.</strong></span> <span class='ocrx_word' id='word_1_36' title='bbox 877 672 919 736; x_wconf 74' lang='grc'><strong>72</strong></span> <span class='ocrx_word' id='word_1_37' title='bbox 940 671 1032 755; x_wconf 83' lang='grc'><strong>(917)</strong></span> <span class='ocrx_word' id='word_1_38' title='bbox 1064 672 1159 736; x_wconf 83' lang='lat' dir='ltr'>codd.</span> <span class='ocrx_word' id='word_1_39' title='bbox 1186 671 1214 734; x_wconf 93' lang='grc' dir='ltr'><strong>Β</strong></span> <span class='ocrx_word' id='word_1_40' title='bbox 1237 668 1456 751; x_wconf 87' lang='lat' dir='ltr'><strong>Callimarcus,</strong></span> <span class='ocrx_word' id='word_1_41' title='bbox 1490 671 1516 736; x_wconf 95' lang='lat' dir='ltr'><strong>C</strong></span> <span class='ocrx_word' id='word_1_42' title='bbox 1543 671 1773 754; x_wconf 87' lang='lat' dir='ltr'><strong>Calimarchus,</strong></span> <span class='ocrx_word' id='word_1_43' title='bbox 1802 671 1832 736; x_wconf 97' lang='lat' dir='ltr'><strong>D</strong></span> <span class='ocrx_word' id='word_1_44' title='bbox 1855 670 1941 737; x_wconf 85' lang='lat' dir='ltr'><strong>Cali-</strong></span> 
     </span>
    </p>

    <p class='ocr_par' dir='ltr' id='par_1_4' title="bbox 327 754 1936 842">
     <span class='ocr_line' id='line_1_6' title="bbox 327 754 1936 842; baseline -0.002 -16"><span class='ocrx_word' id='word_1_45' title='bbox 327 760 488 840; x_wconf 83' lang='lat' dir='ltr'><strong>mareltus,</strong></span> <span class='ocrx_word' id='word_1_46' title='bbox 518 758 571 823; x_wconf 79' lang='lat' dir='ltr'><strong>DZ</strong></span> <span class='ocrx_word' id='word_1_47' title='bbox 593 757 835 822; x_wconf 86' lang='lat' dir='ltr'><strong>Callimerchus.</strong></span> <span class='ocrx_word' id='word_1_48' title='bbox 870 757 959 835; x_wconf 85' lang='lat' dir='ltr'><strong>Quae</strong></span> <span class='ocrx_word' id='word_1_49' title='bbox 979 758 1082 821; x_wconf 83' lang='lat' dir='ltr'><strong>forma</strong></span> <span class='ocrx_word' id='word_1_50' title='bbox 1102 754 1195 822; x_wconf 89' lang='lat' dir='ltr'><strong>codd.</strong></span> <span class='ocrx_word' id='word_1_51' title='bbox 1213 757 1331 839; x_wconf 89' lang='lat' dir='ltr'><strong>optime</strong></span> <span class='ocrx_word' id='word_1_52' title='bbox 1351 755 1477 821; x_wconf 87' lang='lat' dir='ltr'><strong>tirmata</strong></span> <span class='ocrx_word' id='word_1_53' title='bbox 1499 768 1532 821; x_wconf 89' lang='lat' dir='ltr'><strong>et</strong></span> <span class='ocrx_word' id='word_1_54' title='bbox 1546 760 1588 823; x_wconf 92' lang='lat' dir='ltr'><strong>ab</strong></span> <span class='ocrx_word' id='word_1_55' title='bbox 1605 759 1678 824; x_wconf 77' lang='lat' dir='ltr'><strong>edd.</strong></span> <span class='ocrx_word' id='word_1_56' title='bbox 1693 765 1772 824; x_wconf 83' lang='lat' dir='ltr'><strong>vett.</strong></span> <span class='ocrx_word' id='word_1_57' title='bbox 1793 766 1936 842; x_wconf 87' lang='lat' dir='ltr'><strong>recepta,</strong></span> 
     </span>
    </p>

    <p class='ocr_par' dir='ltr' id='par_1_5' title="bbox 325 842 1954 1032">
     <span class='ocr_line' id='line_1_7' title="bbox 327 842 1936 930; baseline -0.001 -20"><span class='ocrx_word' id='word_1_58' title='bbox 327 867 421 930; x_wconf 88' lang='lat' dir='ltr'><strong>quum</strong></span> <span class='ocrx_word' id='word_1_59' title='bbox 442 854 576 929; x_wconf 87' lang='lat' dir='ltr'><strong>propter</strong></span> <span class='ocrx_word' id='word_1_60' title='bbox 594 844 758 908; x_wconf 89' lang='lat' dir='ltr'><strong>insolitum</strong></span> <span class='ocrx_word' id='word_1_61' title='bbox 780 845 829 924; x_wconf 88' lang='lat' dir='ltr'><strong>,m‘</strong></span> <span class='ocrx_word' id='word_1_62' title='bbox 852 843 934 908; x_wconf 80' lang='lat' dir='ltr'><strong>salsa</strong></span> <span class='ocrx_word' id='word_1_63' title='bbox 955 844 1127 922; x_wconf 87' lang='lat' dir='ltr'><strong>videretur,</strong></span> <span class='ocrx_word' id='word_1_64' title='bbox 1149 842 1370 921; x_wconf 71' lang='lat' dir='ltr'><strong>,Calliarchus⁴</strong></span> <span class='ocrx_word' id='word_1_65' title='bbox 1393 842 1594 922; x_wconf 83' lang='lat' dir='ltr'><strong>,Schonherr‘</strong></span> <span class='ocrx_word' id='word_1_66' title='bbox 1616 843 1774 910; x_wconf 86' lang='lat' dir='ltr'><strong>ahleiero</strong></span> <span class='ocrx_word' id='word_1_67' title='bbox 1789 843 1936 909; x_wconf 86' lang='lat' dir='ltr'><strong>invectus</strong></span> 
     </span>
     <span class='ocr_line' id='line_1_8' title="bbox 325 927 1954 1032; baseline -0.002 -35"><span class='ocrx_word' id='word_1_68' title='bbox 325 943 384 998; x_wconf 89' lang='lat' dir='ltr'><strong>est.</strong></span> <span class='ocrx_word' id='word_1_69' title='bbox 430 931 494 1032; x_wconf 79' lang='lat' dir='ltr'><strong>Sed</strong></span> <span class='ocrx_word' id='word_1_70' title='bbox 511 931 594 994; x_wconf 92' lang='lat' dir='ltr'><strong>unde</strong></span> <span class='ocrx_word' id='word_1_71' title='bbox 615 937 649 993; x_wconf 92' lang='lat' dir='ltr'><strong>et</strong></span> <span class='ocrx_word' id='word_1_72' title='bbox 668 928 863 1030; x_wconf 29' lang='lat' dir='ltr'><strong>curulibrarii</strong></span> <span class='ocrx_word' id='word_1_73' title='bbox 879 940 928 1003; x_wconf 78' lang='lat' dir='ltr'><strong>,m‘</strong></span> <span class='ocrx_word' id='word_1_74' title='bbox 951 932 1169 1030; x_wconf 37' lang='lat' dir='ltr'><strong>receperuntt·</strong></span> <span class='ocrx_word' id='word_1_75' title='bbox 1206 929 1366 1012; x_wconf 84' lang='lat' dir='ltr'><strong>Bergkius</strong></span> <span class='ocrx_word' id='word_1_76' title='bbox 1387 927 1632 1030; x_wconf 75' lang='lat' dir='ltr'><strong>,Callimorphns</strong></span> <span class='ocrx_word' id='word_1_77' title='bbox 1648 928 1841 1032; x_wconf 77' lang='lat' dir='ltr'><strong>Schtnbein‘</strong></span> <span class='ocrx_word' id='word_1_78' title='bbox 1857 928 1954 994; x_wconf 76' lang='lat' dir='ltr'><strong>olim,</strong></span> 
     </span>
    </p>

    <p class='ocr_par' dir='ltr' id='par_1_6' title="bbox 324 1014 1935 1187">
     <span class='ocr_line' id='line_1_9' title="bbox 324 1014 1935 1187; baseline -0.003 -17"><span class='ocrx_word' id='word_1_79' title='bbox 324 1014 1500 1184; x_wconf 59' lang='lat' dir='ltr'><strong>{istitettll{attintfttltltadttttttitttt</strong></span> <span class='ocrx_word' id='word_1_80' title='bbox 1522 1025 1638 1168; x_wconf 65' lang='lat' dir='ltr'><strong>{itt</strong></span> <span class='ocrx_word' id='word_1_81' title='bbox 1653 1015 1935 1187; x_wconf 63' lang='lat' dir='ltr'><strong>stilltttt:</strong></span> 
     </span>
    </p>

    <p class='ocr_par' dir='ltr' id='par_1_7' title="bbox 324 1186 1938 1272">
     <span class='ocr_line' id='line_1_10' title="bbox 324 1186 1938 1272; baseline -0.002 -16"><span class='ocrx_word' id='word_1_82' title='bbox 324 1192 408 1256; x_wconf 89' lang='lat' dir='ltr'><strong>sicut</strong></span> <span class='ocrx_word' id='word_1_83' title='bbox 423 1189 548 1271; x_wconf 90' lang='lat' dir='ltr'><strong>reliqua</strong></span> <span class='ocrx_word' id='word_1_84' title='bbox 568 1206 651 1270; x_wconf 88' lang='lat' dir='ltr'><strong>quae</strong></span> <span class='ocrx_word' id='word_1_85' title='bbox 666 1190 871 1272; x_wconf 86' lang='lat' dir='ltr'><strong>proferuntur</strong></span> <span class='ocrx_word' id='word_1_86' title='bbox 882 1190 1021 1268; x_wconf 88' lang='lat' dir='ltr'><strong>nomina,</strong></span> <span class='ocrx_word' id='word_1_87' title='bbox 1042 1186 1267 1271; x_wconf 88' lang='lat' dir='ltr'><strong>pervulgatum</strong></span> <span class='ocrx_word' id='word_1_88' title='bbox 1282 1187 1332 1267; x_wconf 92' lang='lat' dir='ltr'><strong>sit,</strong></span> <span class='ocrx_word' id='word_1_89' title='bbox 1355 1188 1426 1267; x_wconf 92' lang='lat' dir='ltr'><strong>nisi,</strong></span> <span class='ocrx_word' id='word_1_90' title='bbox 1442 1189 1602 1270; x_wconf 88' lang='lat' dir='ltr'><strong>quomodo</strong></span> <span class='ocrx_word' id='word_1_91' title='bbox 1617 1188 1777 1267; x_wconf 80' lang='lat' dir='ltr'><strong>librariis</strong></span> <span class='ocrx_word' id='word_1_92' title='bbox 1790 1189 1938 1271; x_wconf 80' lang='lat' dir='ltr'><strong>frequen·</strong></span> 
     </span>
    </p>

    <p class='ocr_par' dir='ltr' id='par_1_8' title="bbox 305 1272 1938 1789">
     <span class='ocr_line' id='line_1_11' title="bbox 324 1272 1938 1359; baseline -0.003 -17"><span class='ocrx_word' id='word_1_93' title='bbox 324 1277 447 1342; x_wconf 77' lang='lat' dir='ltr'><strong>tissiim</strong></span> <span class='ocrx_word' id='word_1_94' title='bbox 472 1273 602 1338; x_wconf 89' lang='lat' dir='ltr'><strong>nomine</strong></span> <span class='ocrx_word' id='word_1_95' title='bbox 623 1280 809 1338; x_wconf 70' lang='lat' dir='ltr'><strong>constanter</strong></span> <span class='ocrx_word' id='word_1_96' title='bbox 830 1274 871 1338; x_wconf 89' lang='lat' dir='ltr'><strong>ad</strong></span> <span class='ocrx_word' id='word_1_97' title='bbox 891 1273 1069 1339; x_wconf 87' lang='lat' dir='ltr'><strong>solitarium</strong></span> <span class='ocrx_word' id='word_1_98' title='bbox 1091 1272 1342 1353; x_wconf 86' lang='lat' dir='ltr'><strong>,Callimarchus‘</strong></span> <span class='ocrx_word' id='word_1_99' title='bbox 1365 1274 1596 1355; x_wconf 85' lang='lat' dir='ltr'><strong>aberraverint,</strong></span> <span class='ocrx_word' id='word_1_100' title='bbox 1618 1274 1774 1359; x_wconf 85' lang='lat' dir='ltr'><strong>explicari</strong></span> <span class='ocrx_word' id='word_1_101' title='bbox 1787 1273 1938 1357; x_wconf 89' lang='lat' dir='ltr'><strong>nequiret</strong></span> 
     </span>
     <span class='ocr_line' id='line_1_12' title="bbox 323 1358 1935 1445; baseline -0.003 -17"><span class='ocrx_word' id='word_1_102' title='bbox 323 1382 429 1445; x_wconf 86' lang='lat' dir='ltr'><strong>neque</strong></span> <span class='ocrx_word' id='word_1_103' title='bbox 449 1361 588 1424; x_wconf 88' lang='lat' dir='ltr'><strong>numeris</strong></span> <span class='ocrx_word' id='word_1_104' title='bbox 610 1379 721 1424; x_wconf 88' lang='lat' dir='ltr'><strong>versus</strong></span> <span class='ocrx_word' id='word_1_105' title='bbox 744 1361 846 1424; x_wconf 83' lang='lat' dir='ltr'><strong>forma</strong></span> <span class='ocrx_word' id='word_1_106' title='bbox 866 1360 952 1425; x_wconf 92' lang='lat' dir='ltr'><strong>illius</strong></span> <span class='ocrx_word' id='word_1_107' title='bbox 973 1360 1111 1424; x_wconf 89' lang='lat' dir='ltr'><strong>nominis</strong></span> <span class='ocrx_word' id='word_1_108' title='bbox 1131 1359 1269 1423; x_wconf 88' lang='lat' dir='ltr'><strong>turbatis</strong></span> <span class='ocrx_word' id='word_1_109' title='bbox 1292 1367 1477 1425; x_wconf 89' lang='lat' dir='ltr'><strong>correctura</strong></span> <span class='ocrx_word' id='word_1_110' title='bbox 1498 1358 1935 1445; x_wconf 82' lang='lat' dir='ltr'><strong>,Callimachusne‘(Cuyet.)</strong></span> 
     </span>
     <span class='ocr_line' id='line_1_13' title="bbox 323 1445 1938 1531; baseline -0.002 -18"><span class='ocrx_word' id='word_1_111' title='bbox 323 1448 378 1513; x_wconf 82' lang='lat' dir='ltr'><strong>vel</strong></span> <span class='ocrx_word' id='word_1_112' title='bbox 399 1452 462 1529; x_wconf 81' lang='lat' dir='ltr'><strong>,An</strong></span> <span class='ocrx_word' id='word_1_113' title='bbox 484 1445 708 1510; x_wconf 86' lang='lat' dir='ltr'><strong>Callimachue‘</strong></span> <span class='ocrx_word' id='word_1_114' title='bbox 736 1445 900 1529; x_wconf 77' lang='lat' dir='ltr'><strong>(Ditschl.)</strong></span> <span class='ocrx_word' id='word_1_115' title='bbox 932 1466 1012 1531; x_wconf 91' lang='lat' dir='ltr'><strong>opus</strong></span> <span class='ocrx_word' id='word_1_116' title='bbox 1035 1455 1131 1526; x_wconf 74' lang='lat' dir='ltr'><strong>esset</strong></span> <span class='ocrx_word' id='word_1_117' title='bbox 1157 1465 1220 1528; x_wconf 89' lang='lat' dir='ltr'><strong>qua</strong></span> <span class='ocrx_word' id='word_1_118' title='bbox 1243 1446 1411 1509; x_wconf 79' lang='lat' dir='ltr'><strong>verborum</strong></span> <span class='ocrx_word' id='word_1_119' title='bbox 1435 1447 1634 1512; x_wconf 87' lang='lat' dir='ltr'><strong>concinnitas</strong></span> <span class='ocrx_word' id='word_1_120' title='bbox 1660 1446 1819 1530; x_wconf 86' lang='lat' dir='ltr'><strong>particula</strong></span> <span class='ocrx_word' id='word_1_121' title='bbox 1840 1447 1938 1511; x_wconf 86' lang='lat' dir='ltr'><strong>inter·</strong></span> 
     </span>
     <span class='ocr_line' id='line_1_14' title="bbox 324 1531 1936 1618; baseline -0.001 -19"><span class='ocrx_word' id='word_1_122' title='bbox 324 1533 463 1618; x_wconf 88' lang='lat' dir='ltr'><strong>rogandi</strong></span> <span class='ocrx_word' id='word_1_123' title='bbox 487 1533 603 1598; x_wconf 89' lang='lat' dir='ltr'><strong>ceteris</strong></span> <span class='ocrx_word' id='word_1_124' title='bbox 623 1532 804 1596; x_wconf 87' lang='lat' dir='ltr'><strong>nominibus</strong></span> <span class='ocrx_word' id='word_1_125' title='bbox 835 1551 902 1596; x_wconf 91' lang='lat' dir='ltr'><strong>non</strong></span> <span class='ocrx_word' id='word_1_126' title='bbox 926 1533 1077 1615; x_wconf 52' lang='lat' dir='ltr'><strong>emuncta</strong></span> <span class='ocrx_word' id='word_1_127' title='bbox 1097 1531 1234 1596; x_wconf 86' lang='lat' dir='ltr'><strong>deletur.</strong></span> <span class='ocrx_word' id='word_1_128' title='bbox 1279 1531 1386 1608; x_wconf 80' lang='lat' dir='ltr'><strong>Quare</strong></span> <span class='ocrx_word' id='word_1_129' title='bbox 1411 1531 1564 1615; x_wconf 89' lang='lat' dir='ltr'><strong>rejectum</strong></span> <span class='ocrx_word' id='word_1_130' title='bbox 1591 1531 1796 1598; x_wconf 85' lang='lat' dir='ltr'><strong>Callimarehi</strong></span> <span class='ocrx_word' id='word_1_131' title='bbox 1815 1551 1936 1598; x_wconf 89' lang='lat' dir='ltr'><strong>nomeu</strong></span> 
     </span>
     <span class='ocr_line' id='line_1_15' title="bbox 324 1616 1934 1704; baseline -0.001 -20"><span class='ocrx_word' id='word_1_132' title='bbox 324 1621 533 1684; x_wconf 88' lang='lat' dir='ltr'><strong>restituerunt</strong></span> <span class='ocrx_word' id='word_1_133' title='bbox 562 1619 681 1701; x_wconf 80' lang='lat' dir='ltr'><strong>Bergk.</strong></span> <span class='ocrx_word' id='word_1_134' title='bbox 704 1618 867 1702; x_wconf 89' lang='lat' dir='ltr'><strong>Beitraeg.</strong></span> <span class='ocrx_word' id='word_1_135' title='bbox 898 1639 929 1702; x_wconf 91' lang='lat' dir='ltr'><strong>p.</strong></span> <span class='ocrx_word' id='word_1_136' title='bbox 954 1616 1025 1700; x_wconf 80' lang='lat'><strong>120,</strong></span> <span class='ocrx_word' id='word_1_137' title='bbox 1049 1617 1185 1683; x_wconf 87' lang='lat' dir='ltr'><strong>Ritsohl.</strong></span> <span class='ocrx_word' id='word_1_138' title='bbox 1208 1616 1363 1698; x_wconf 74' lang='lat' dir='ltr'><strong>Tituli,</strong></span> <span class='ocrx_word' id='word_1_139' title='bbox 1396 1618 1451 1682; x_wconf 89' lang='lat' dir='ltr'><strong>ubi</strong></span> <span class='ocrx_word' id='word_1_140' title='bbox 1475 1637 1510 1683; x_wconf 91' lang='lat' dir='ltr'><strong>se</strong></span> <span class='ocrx_word' id='word_1_141' title='bbox 1531 1618 1603 1683; x_wconf 91' lang='lat' dir='ltr'><strong>huic</strong></span> <span class='ocrx_word' id='word_1_142' title='bbox 1624 1620 1746 1684; x_wconf 84' lang='lat' dir='ltr'><strong>formas</strong></span> <span class='ocrx_word' id='word_1_143' title='bbox 1767 1620 1818 1704; x_wconf 91' lang='lat' dir='ltr'><strong>Op</strong></span> <span class='ocrx_word' id='word_1_144' title='bbox 1842 1667 1850 1684; x_wconf 90' lang='lat'><strong>.</strong></span> <span class='ocrx_word' id='word_1_145' title='bbox 1871 1618 1934 1683; x_wconf 74' lang='grc' dir='ltr'><strong>ΠΙ.</strong></span> 
     </span>
     <span class='ocr_line' id='line_1_16' title="bbox 305 1638 1936 1789; baseline -0.002 -17"><span class='ocrx_word' id='word_1_146' title='bbox 305 1702 309 1709; x_wconf 82' lang='grc'><strong>’</strong></span> <span class='ocrx_word' id='word_1_147' title='bbox 324 1708 451 1772; x_wconf 87' lang='lat' dir='ltr'><strong>dissert.</strong></span> <span class='ocrx_word' id='word_1_148' title='bbox 467 1708 488 1771; x_wconf 85' lang='lat'>3</span> <span class='ocrx_word' id='word_1_149' title='bbox 501 1704 604 1789; x_wconf 26' lang='lat' dir='ltr'><strong>,tidem</strong></span> <span class='ocrx_word' id='word_1_150' title='bbox 618 1705 774 1768; x_wconf 86' lang='lat' dir='ltr'><strong>facturum</strong></span> <span class='ocrx_word' id='word_1_151' title='bbox 791 1722 863 1769; x_wconf 88' lang='lat' dir='ltr'><strong>esse</strong></span> <span class='ocrx_word' id='word_1_152' title='bbox 880 1705 1046 1787; x_wconf 91' lang='lat' dir='ltr'><strong>promittit,</strong></span> <span class='ocrx_word' id='word_1_153' title='bbox 1068 1705 1147 1769; x_wconf 86' lang='lat' dir='ltr'><strong>Brix</strong></span> <span class='ocrx_word' id='word_1_154' title='bbox 1162 1703 1249 1768; x_wconf 86' lang='lat' dir='ltr'><strong>Trin.</strong></span> <span class='ocrx_word' id='word_1_155' title='bbox 1265 1703 1308 1768; x_wconf 91' lang='grc' dir='ltr'><strong>Π.</strong></span> <span class='ocrx_word' id='word_1_156' title='bbox 1352 1702 1417 1768; x_wconf 82' lang='lat' dir='ltr'><strong>Sed</strong></span> <span class='ocrx_word' id='word_1_157' title='bbox 1431 1723 1525 1786; x_wconf 90' lang='lat' dir='ltr'><strong>quam</strong></span> <span class='ocrx_word' id='word_1_158' title='bbox 1540 1704 1700 1789; x_wconf 82' lang='lat' dir='ltr'><strong>Bergkius</strong></span> <span class='ocrx_word' id='word_1_159' title='bbox 1715 1705 1805 1769; x_wconf 88' lang='lat' dir='ltr'><strong>dedit</strong></span> <span class='ocrx_word' id='word_1_160' title='bbox 1812 1638 1936 1770; x_wconf 70' lang='lat' dir='ltr'><strong>⁴literae</strong></span> 
     </span>
    </p>

    <p class='ocr_par' dir='ltr' id='par_1_9' title="bbox 325 1790 1934 1876">
     <span class='ocr_line' id='line_1_17' title="bbox 325 1790 1934 1876; baseline -0.001 -20"><span class='ocrx_word' id='word_1_161' title='bbox 325 1795 375 1873; x_wconf 84' lang='lat' dir='ltr'><strong>,m‘</strong></span> <span class='ocrx_word' id='word_1_162' title='bbox 398 1792 654 1876; x_wconf 80' lang='lat' dir='ltr'><strong>explicationem,</strong></span> <span class='ocrx_word' id='word_1_163' title='bbox 677 1810 915 1873; x_wconf 87' lang='lat' dir='ltr'><strong>,nonnunquam</strong></span> <span class='ocrx_word' id='word_1_164' title='bbox 937 1811 1007 1856; x_wconf 89' lang='lat' dir='ltr'><strong>eam</strong></span> <span class='ocrx_word' id='word_1_165' title='bbox 1027 1791 1163 1870; x_wconf 77' lang='lat' dir='ltr'><strong>literam,</strong></span> <span class='ocrx_word' id='word_1_166' title='bbox 1185 1790 1269 1854; x_wconf 88' lang='lat' dir='ltr'><strong>sicut</strong></span> <span class='ocrx_word' id='word_1_167' title='bbox 1289 1797 1517 1854; x_wconf 74' lang='lat' dir='ltr'><strong>consonantem</strong></span> <span class='ocrx_word' id='word_1_168' title='bbox 1539 1791 1581 1871; x_wconf 89' lang='lat' dir='ltr'><strong>,n‘</strong></span> <span class='ocrx_word' id='word_1_169' title='bbox 1603 1790 1679 1855; x_wconf 84' lang='lat' dir='ltr'><strong>coll.</strong></span> <span class='ocrx_word' id='word_1_170' title='bbox 1701 1791 1840 1856; x_wconf 87' lang='lat' dir='ltr'><strong>Minonis</strong></span> <span class='ocrx_word' id='word_1_171' title='bbox 1859 1798 1934 1871; x_wconf 79' lang='lat' dir='ltr'><strong>etc,</strong></span> 
     </span>
    </p>

    <p class='ocr_par' dir='ltr' id='par_1_10' title="bbox 325 1875 1935 1960">
     <span class='ocr_line' id='line_1_18' title="bbox 325 1875 1935 1960; baseline -0.001 -18"><span class='ocrx_word' id='word_1_172' title='bbox 325 1879 428 1943; x_wconf 85' lang='lat' dir='ltr'><strong>hiatus</strong></span> <span class='ocrx_word' id='word_1_173' title='bbox 453 1877 578 1942; x_wconf 83' lang='lat' dir='ltr'><strong>vitandi</strong></span> <span class='ocrx_word' id='word_1_174' title='bbox 605 1896 703 1941; x_wconf 89' lang='lat' dir='ltr'><strong>causa</strong></span> <span class='ocrx_word' id='word_1_175' title='bbox 733 1875 858 1941; x_wconf 86' lang='lat' dir='ltr'><strong>illatam</strong></span> <span class='ocrx_word' id='word_1_176' title='bbox 882 1895 955 1942; x_wconf 88' lang='lat' dir='ltr'><strong>esse</strong></span> <span class='ocrx_word' id='word_1_177' title='bbox 977 1897 1110 1960; x_wconf 90' lang='lat' dir='ltr'><strong>eamque</strong></span> <span class='ocrx_word' id='word_1_178' title='bbox 1142 1896 1207 1939; x_wconf 89' lang='lat' dir='ltr'><strong>non</strong></span> <span class='ocrx_word' id='word_1_179' title='bbox 1234 1896 1254 1939; x_wconf 88' lang='lat' dir='ltr'><strong>a</strong></span> <span class='ocrx_word' id='word_1_180' title='bbox 1274 1875 1392 1939; x_wconf 92' lang='lat' dir='ltr'><strong>Plauto</strong></span> <span class='ocrx_word' id='word_1_181' title='bbox 1416 1876 1519 1958; x_wconf 91' lang='lat' dir='ltr'><strong>primo</strong></span> <span class='ocrx_word' id='word_1_182' title='bbox 1544 1885 1718 1960; x_wconf 90' lang='lat' dir='ltr'><strong>receptam,</strong></span> <span class='ocrx_word' id='word_1_183' title='bbox 1749 1897 1842 1959; x_wconf 91' lang='lat' dir='ltr'><strong>quum</strong></span> <span class='ocrx_word' id='word_1_184' title='bbox 1862 1877 1935 1960; x_wconf 90' lang='lat' dir='ltr'><strong>lpse</strong></span> 
     </span>
    </p>

    <p class='ocr_par' dir='ltr' id='par_1_11' title="bbox 321 1961 1937 2047">
     <span class='ocr_line' id='line_1_19' title="bbox 321 1961 1937 2047; baseline -0.002 -18"><span class='ocrx_word' id='word_1_185' title='bbox 321 1964 543 2046; x_wconf 83' lang='lat' dir='ltr'><strong>,Diniarchus‘,</strong></span> <span class='ocrx_word' id='word_1_186' title='bbox 556 1982 622 2026; x_wconf 91' lang='lat' dir='ltr'><strong>non</strong></span> <span class='ocrx_word' id='word_1_187' title='bbox 638 1962 881 2044; x_wconf 86' lang='lat' dir='ltr'><strong>,Dinimarchus‘</strong></span> <span class='ocrx_word' id='word_1_188' title='bbox 896 1964 1091 2043; x_wconf 80' lang='lat' dir='ltr'><strong>sormaverit,</strong></span> <span class='ocrx_word' id='word_1_189' title='bbox 1108 1963 1165 2027; x_wconf 90' lang='lat' dir='ltr'><strong>sed</strong></span> <span class='ocrx_word' id='word_1_190' title='bbox 1181 1961 1470 2045; x_wconf 88' lang='lat' dir='ltr'><strong>epronuntiotione</strong></span> <span class='ocrx_word' id='word_1_191' title='bbox 1486 1962 1612 2047; x_wconf 90' lang='lat' dir='ltr'><strong>vulgari</strong></span> <span class='ocrx_word' id='word_1_192' title='bbox 1623 1964 1763 2047; x_wconf 80' lang='lat' dir='ltr'><strong>Magnae</strong></span> <span class='ocrx_word' id='word_1_193' title='bbox 1774 1962 1937 2028; x_wconf 82' lang='lat' dir='ltr'><strong>Graeciae</strong></span> 
     </span>
    </p>

    <p class='ocr_par' dir='ltr' id='par_1_12' title="bbox 312 2046 1934 2133">
     <span class='ocr_line' id='line_1_20' title="bbox 312 2046 1934 2133; baseline -0.002 -17"><span class='ocrx_word' id='word_1_194' title='bbox 312 2060 354 2116; x_wconf 83' lang='lat' dir='ltr'><strong>et</strong></span> <span class='ocrx_word' id='word_1_195' title='bbox 375 2050 506 2115; x_wconf 88' lang='lat' dir='ltr'><strong>Siciliae</strong></span> <span class='ocrx_word' id='word_1_196' title='bbox 529 2051 719 2132; x_wconf 87' lang='lat' dir='ltr'><strong>acceptam‘,</strong></span> <span class='ocrx_word' id='word_1_197' title='bbox 741 2069 930 2132; x_wconf 90' lang='lat' dir='ltr'><strong>quamquam</strong></span> <span class='ocrx_word' id='word_1_198' title='bbox 952 2059 1051 2133; x_wconf 84' lang='lat' dir='ltr'><strong>poeta</strong></span> <span class='ocrx_word' id='word_1_199' title='bbox 1064 2067 1178 2114; x_wconf 87' lang='lat' dir='ltr'><strong>revera</strong></span> <span class='ocrx_word' id='word_1_200' title='bbox 1193 2046 1294 2112; x_wconf 87' lang='lat' dir='ltr'><strong>multa</strong></span> <span class='ocrx_word' id='word_1_201' title='bbox 1307 2047 1382 2111; x_wconf 92' lang='lat' dir='ltr'><strong>inde</strong></span> <span class='ocrx_word' id='word_1_202' title='bbox 1396 2049 1539 2132; x_wconf 80' lang='lat' dir='ltr'><strong>sumpsit,</strong></span> <span class='ocrx_word' id='word_1_203' title='bbox 1559 2050 1698 2132; x_wconf 91' lang='lat' dir='ltr'><strong>probare</strong></span> <span class='ocrx_word' id='word_1_204' title='bbox 1711 2069 1777 2113; x_wconf 90' lang='lat' dir='ltr'><strong>uon</strong></span> <span class='ocrx_word' id='word_1_205' title='bbox 1791 2064 1934 2133; x_wconf 91' lang='lat' dir='ltr'><strong>possum,</strong></span> 
     </span>
    </p>

    <p class='ocr_par' dir='ltr' id='par_1_13' title="bbox 341 2134 1936 2220">
     <span class='ocr_line' id='line_1_21' title="bbox 341 2134 1936 2220; baseline -0.002 -20"><span class='ocrx_word' id='word_1_206' title='bbox 341 2137 508 2200; x_wconf 90' lang='lat' dir='ltr'><strong>raesertim</strong></span> <span class='ocrx_word' id='word_1_207' title='bbox 530 2155 635 2218; x_wconf 89' lang='lat' dir='ltr'><strong>quum,</strong></span> <span class='ocrx_word' id='word_1_208' title='bbox 664 2156 721 2200; x_wconf 90' lang='lat' dir='ltr'><strong>cur</strong></span> <span class='ocrx_word' id='word_1_209' title='bbox 740 2138 792 2216; x_wconf 89' lang='lat' dir='ltr'><strong>,m‘</strong></span> <span class='ocrx_word' id='word_1_210' title='bbox 813 2136 1011 2220; x_wconf 89' lang='lat' dir='ltr'><strong>potissimum</strong></span> <span class='ocrx_word' id='word_1_211' title='bbox 1036 2141 1188 2220; x_wconf 68' lang='lat' dir='ltr'><strong>usupare</strong></span> <span class='ocrx_word' id='word_1_212' title='bbox 1209 2134 1252 2199; x_wconf 90' lang='lat' dir='ltr'><strong>sit</strong></span> <span class='ocrx_word' id='word_1_213' title='bbox 1273 2152 1465 2213; x_wconf 84' lang='lat' dir='ltr'><strong>consonans,</strong></span> <span class='ocrx_word' id='word_1_214' title='bbox 1488 2154 1552 2198; x_wconf 92' lang='lat' dir='ltr'><strong>non</strong></span> <span class='ocrx_word' id='word_1_215' title='bbox 1577 2135 1774 2220; x_wconf 85' lang='lat' dir='ltr'><strong>intellegam.</strong></span> <span class='ocrx_word' id='word_1_216' title='bbox 1818 2135 1936 2216; x_wconf 87' lang='lat' dir='ltr'><strong>ltaque</strong></span> 
     </span>
    </p>

    <p class='ocr_par' dir='ltr' id='par_1_14' title="bbox 311 2158 1936 2306">
     <span class='ocr_line' id='line_1_22' title="bbox 311 2158 1936 2306; baseline -0.001 -20"><span class='ocrx_word' id='word_1_217' title='bbox 311 2158 396 2288; x_wconf 67' lang='lat' dir='ltr'><strong>,dicet</strong></span> <span class='ocrx_word' id='word_1_218' title='bbox 422 2221 509 2287; x_wconf 88' lang='lat' dir='ltr'><strong>aliud</strong></span> <span class='ocrx_word' id='word_1_219' title='bbox 538 2221 629 2304; x_wconf 83' lang='lat' dir='ltr'><strong>hujus</strong></span> <span class='ocrx_word' id='word_1_220' title='bbox 656 2222 855 2287; x_wconf 80' lang='lat' dir='ltr'><strong>formationis</strong></span> <span class='ocrx_word' id='word_1_221' title='bbox 883 2222 1064 2306; x_wconf 87' lang='lat' dir='ltr'><strong>exemplum</strong></span> <span class='ocrx_word' id='word_1_222' title='bbox 1091 2221 1166 2286; x_wconf 92' lang='lat' dir='ltr'><strong>mihi</strong></span> <span class='ocrx_word' id='word_1_223' title='bbox 1189 2239 1254 2284; x_wconf 90' lang='lat' dir='ltr'><strong>nou</strong></span> <span class='ocrx_word' id='word_1_224' title='bbox 1278 2219 1455 2286; x_wconf 88' lang='lat' dir='ltr'><strong>innotuerit</strong></span> <span class='ocrx_word' id='word_1_225' title='bbox 1481 2254 1522 2266; x_wconf 91' lang='lat'><em>—</em></span> <span class='ocrx_word' id='word_1_226' title='bbox 1549 2220 1783 2286; x_wconf 89' lang='lat' dir='ltr'><strong>Callimaudrus</strong></span> <span class='ocrx_word' id='word_1_227' title='bbox 1810 2219 1863 2284; x_wconf 78' lang='lat' dir='ltr'><strong>rel</strong></span> <span class='ocrx_word' id='word_1_228' title='bbox 1890 2219 1936 2285; x_wconf 88' lang='lat' dir='ltr'><strong>ad</strong></span> 
     </span>
    </p>

    <p class='ocr_par' dir='ltr' id='par_1_15' title="bbox 318 2305 1937 2390">
     <span class='ocr_line' id='line_1_23' title="bbox 318 2305 1937 2390; baseline 0.002 -24"><span class='ocrx_word' id='word_1_229' title='bbox 318 2307 433 2387; x_wconf 76' lang='grc' dir='ltr'><strong><em>μανδρα</em></strong></span> <span class='ocrx_word' id='word_1_230' title='bbox 457 2305 625 2390; x_wconf 88' lang='lat' dir='ltr'><strong>Haerde¹)</strong></span> <span class='ocrx_word' id='word_1_231' title='bbox 648 2306 701 2372; x_wconf 89' lang='lat' dir='ltr'><strong>vel</strong></span> <span class='ocrx_word' id='word_1_232' title='bbox 723 2308 765 2372; x_wconf 90' lang='lat' dir='ltr'><strong>ad</strong></span> <span class='ocrx_word' id='word_1_233' title='bbox 785 2307 897 2388; x_wconf 65' lang='grc' dir='ltr'><strong><em>μαιόρο</em></strong></span> <span class='ocrx_word' id='word_1_234' title='bbox 911 2343 964 2387; x_wconf 93' lang='lat'><strong>-,</strong></span> <span class='ocrx_word' id='word_1_235' title='bbox 988 2328 1028 2372; x_wconf 86' lang='lat' dir='ltr'><strong>ex</strong></span> <span class='ocrx_word' id='word_1_236' title='bbox 1052 2309 1224 2386; x_wconf 72' lang='grc' dir='ltr'><strong><em>Μαίανδρος</em></strong></span> <span class='ocrx_word' id='word_1_237' title='bbox 1246 2307 1455 2386; x_wconf 87' lang='lat' dir='ltr'><strong>decurtatum,</strong></span> <span class='ocrx_word' id='word_1_238' title='bbox 1481 2307 1682 2371; x_wconf 81' lang='lat' dir='ltr'><strong>referendum</strong></span> <span class='ocrx_word' id='word_1_239' title='bbox 1704 2316 1766 2390; x_wconf 87' lang='lat' dir='ltr'><strong>est;</strong></span> <span class='ocrx_word' id='word_1_240' title='bbox 1795 2307 1827 2370; x_wconf 89' lang='lat' dir='ltr'><strong>in</strong></span> <span class='ocrx_word' id='word_1_241' title='bbox 1850 2324 1937 2370; x_wconf 90' lang='lat' dir='ltr'><strong>com·</strong></span> 
     </span>
    </p>

    <p class='ocr_par' dir='ltr' id='par_1_16' title="bbox 318 2393 1935 2478">
     <span class='ocr_line' id='line_1_24' title="bbox 318 2393 1935 2478; baseline -0.001 -20"><span class='ocrx_word' id='word_1_242' title='bbox 318 2395 433 2478; x_wconf 92' lang='lat' dir='ltr'><strong>positis</strong></span> <span class='ocrx_word' id='word_1_243' title='bbox 469 2403 585 2474; x_wconf 89' lang='lat' dir='ltr'><strong>autem,</strong></span> <span class='ocrx_word' id='word_1_244' title='bbox 618 2412 753 2476; x_wconf 90' lang='lat' dir='ltr'><strong>quornm</strong></span> <span class='ocrx_word' id='word_1_245' title='bbox 785 2414 860 2477; x_wconf 84' lang='lat' dir='ltr'><strong>pars</strong></span> <span class='ocrx_word' id='word_1_246' title='bbox 899 2394 1003 2458; x_wconf 84' lang='lat' dir='ltr'><strong>altera</strong></span> <span class='ocrx_word' id='word_1_247' title='bbox 1037 2393 1140 2475; x_wconf 65' lang='grc' dir='ltr'><strong>βράκας</strong></span> <span class='ocrx_word' id='word_1_248' title='bbox 1172 2402 1230 2472; x_wconf 89' lang='lat' dir='ltr'><strong>ost,</strong></span> <span class='ocrx_word' id='word_1_249' title='bbox 1262 2394 1312 2472; x_wconf 90' lang='lat' dir='ltr'><strong>,m‘</strong></span> <span class='ocrx_word' id='word_1_250' title='bbox 1338 2393 1441 2457; x_wconf 90' lang='lat' dir='ltr'><strong>radici</strong></span> <span class='ocrx_word' id='word_1_251' title='bbox 1480 2394 1645 2473; x_wconf 85' lang='lat' dir='ltr'><strong>adhaeret,</strong></span> <span class='ocrx_word' id='word_1_252' title='bbox 1679 2394 1935 2473; x_wconf 79' lang='lat' dir='ltr'><strong>Acesimbrotus,</strong></span> 
     </span>
    </p>

    <p class='ocr_par' dir='ltr' id='par_1_17' title="bbox 322 2478 1936 2562">
     <span class='ocr_line' id='line_1_25' title="bbox 322 2478 1936 2562; baseline -0.001 -17"><span class='ocrx_word' id='word_1_253' title='bbox 322 2481 575 2545; x_wconf 81' lang='lat' dir='ltr'><strong>Aristombrotus</strong></span> <span class='ocrx_word' id='word_1_254' title='bbox 597 2489 669 2559; x_wconf 77' lang='lat' dir='ltr'><strong>etc,</strong></span> <span class='ocrx_word' id='word_1_255' title='bbox 691 2483 738 2545; x_wconf 86' lang='lat' dir='ltr'><strong>ita</strong></span> <span class='ocrx_word' id='word_1_256' title='bbox 760 2487 795 2543; x_wconf 90' lang='lat' dir='ltr'><strong>ut</strong></span> <span class='ocrx_word' id='word_1_257' title='bbox 814 2478 1009 2545; x_wconf 88' lang='lat' dir='ltr'><strong>Callibrotus</strong></span> <span class='ocrx_word' id='word_1_258' title='bbox 1031 2482 1129 2545; x_wconf 90' lang='lat' dir='ltr'><strong>lectio</strong></span> <span class='ocrx_word' id='word_1_259' title='bbox 1142 2479 1227 2543; x_wconf 87' lang='lat' dir='ltr'><strong>salsa</strong></span> <span class='ocrx_word' id='word_1_260' title='bbox 1247 2479 1302 2562; x_wconf 90' lang='lat' dir='ltr'><strong>sit;</strong></span> <span class='ocrx_word' id='word_1_261' title='bbox 1325 2479 1520 2544; x_wconf 84' lang='lat' dir='ltr'><strong>Callimanus</strong></span> <span class='ocrx_word' id='word_1_262' title='bbox 1543 2480 1598 2544; x_wconf 85' lang='lat' dir='ltr'><strong>cfr.</strong></span> <span class='ocrx_word' id='word_1_263' title='bbox 1614 2478 1779 2545; x_wconf 77' lang='lat' dir='ltr'><strong>Gellianus</strong></span> <span class='ocrx_word' id='word_1_264' title='bbox 1792 2478 1936 2544; x_wconf 85' lang='lat' dir='ltr'><strong>fortasse</strong></span> 
     </span>
    </p>

    <p class='ocr_par' dir='ltr' id='par_1_18' title="bbox 322 2563 1935 2650">
     <span class='ocr_line' id='line_1_26' title="bbox 322 2563 1935 2650; baseline -0.002 -20"><span class='ocrx_word' id='word_1_265' title='bbox 322 2587 363 2631; x_wconf 93' lang='lat' dir='ltr'><strong>ne</strong></span> <span class='ocrx_word' id='word_1_266' title='bbox 377 2586 528 2650; x_wconf 87' lang='lat' dir='ltr'><strong>graecum</strong></span> <span class='ocrx_word' id='word_1_267' title='bbox 551 2567 678 2649; x_wconf 89' lang='lat' dir='ltr'><strong>quidem</strong></span> <span class='ocrx_word' id='word_1_268' title='bbox 693 2586 810 2631; x_wconf 90' lang='lat' dir='ltr'><strong>nomen</strong></span> <span class='ocrx_word' id='word_1_269' title='bbox 826 2575 885 2631; x_wconf 86' lang='lat' dir='ltr'><strong>est.</strong></span> <span class='ocrx_word' id='word_1_270' title='bbox 907 2602 949 2611; x_wconf 90' lang='lat'>—</span> <span class='ocrx_word' id='word_1_271' title='bbox 970 2575 1077 2630; x_wconf 63' lang='lat' dir='ltr'><strong>umen</strong></span> <span class='ocrx_word' id='word_1_272' title='bbox 1093 2563 1314 2645; x_wconf 84' lang='lat' dir='ltr'><strong>Ritschelium,</strong></span> <span class='ocrx_word' id='word_1_273' title='bbox 1328 2565 1547 2646; x_wconf 86' lang='lat' dir='ltr'><strong>Benselerum,</strong></span> <span class='ocrx_word' id='word_1_274' title='bbox 1567 2565 1712 2631; x_wconf 77' lang='lat' dir='ltr'><strong>Fickium</strong></span> <span class='ocrx_word' id='word_1_275' title='bbox 1733 2565 1787 2630; x_wconf 83' lang='lat' dir='ltr'><strong>all.</strong></span> <span class='ocrx_word' id='word_1_276' title='bbox 1803 2582 1935 2646; x_wconf 85' lang='lat' dir='ltr'><strong>sequor,</strong></span> 
     </span>
    </p>

    <p class='ocr_par' dir='ltr' id='par_1_19' title="bbox 321 2647 1937 2736">
     <span class='ocr_line' id='line_1_27' title="bbox 321 2647 1937 2736; baseline -0.002 -21"><span class='ocrx_word' id='word_1_277' title='bbox 321 2653 376 2735; x_wconf 89' lang='lat' dir='ltr'><strong>qui</strong></span> <span class='ocrx_word' id='word_1_278' title='bbox 398 2651 644 2717; x_wconf 90' lang='lat' dir='ltr'><strong>Callimarchum</strong></span> <span class='ocrx_word' id='word_1_279' title='bbox 665 2672 706 2716; x_wconf 86' lang='lat' dir='ltr'><strong>ex</strong></span> <span class='ocrx_word' id='word_1_280' title='bbox 729 2653 879 2730; x_wconf 77' lang='grc' dir='ltr'><strong><em>Καλλιμος</em></strong></span> <span class='ocrx_word' id='word_1_281' title='bbox 899 2661 933 2716; x_wconf 91' lang='lat' dir='ltr'><strong>et</strong></span> <span class='ocrx_word' id='word_1_282' title='bbox 953 2652 1050 2732; x_wconf 77' lang='grc' dir='ltr'><strong><em>ἄρχειν</em></strong></span> <span class='ocrx_word' id='word_1_283' title='bbox 1071 2650 1281 2735; x_wconf 87' lang='lat' dir='ltr'><strong>compositum</strong></span> <span class='ocrx_word' id='word_1_284' title='bbox 1300 2670 1376 2715; x_wconf 87' lang='lat' dir='ltr'><strong>csse</strong></span> <span class='ocrx_word' id='word_1_285' title='bbox 1396 2651 1523 2736; x_wconf 71' lang='lat' dir='ltr'><strong>volunt,</strong></span> <span class='ocrx_word' id='word_1_286' title='bbox 1545 2651 1662 2716; x_wconf 81' lang='lat' dir='ltr'><strong>similia</strong></span> <span class='ocrx_word' id='word_1_287' title='bbox 1675 2660 1750 2716; x_wconf 91' lang='lat' dir='ltr'><strong>sunt</strong></span> <span class='ocrx_word' id='word_1_288' title='bbox 1767 2647 1937 2728; x_wconf 62' lang='lat' dir='ltr'><strong>&#39;Absorp—</strong></span> 
     </span>
    </p>

    <p class='ocr_par' dir='ltr' id='par_1_20' title="bbox 320 2737 1580 2810">
     <span class='ocr_line' id='line_1_28' title="bbox 320 2737 1580 2810; baseline -0.002 -12"><span class='ocrx_word' id='word_1_289' title='bbox 320 2762 339 2798; x_wconf 83' lang='lat' dir='ltr'><strong>e</strong></span> <span class='ocrx_word' id='word_1_290' title='bbox 408 2786 417 2810; x_wconf 91' lang='lat'><strong>,</strong></span> <span class='ocrx_word' id='word_1_291' title='bbox 440 2741 479 2798; x_wconf 78' lang='lat' dir='ltr'><strong>&#39;l&#39;a</strong></span> <span class='ocrx_word' id='word_1_292' title='bbox 514 2763 524 2797; x_wconf 82' lang='grc' dir='ltr'><em>ι</em></span> <span class='ocrx_word' id='word_1_293' title='bbox 547 2737 584 2797; x_wconf 78' lang='grc' dir='ltr'><strong>-ά</strong></span> <span class='ocrx_word' id='word_1_294' title='bbox 638 2783 645 2798; x_wconf 94' lang='grc'><strong>.</strong></span> <span class='ocrx_word' id='word_1_295' title='bbox 1518 2793 1519 2796; x_wconf 76' lang='grc'>,</span> <span class='ocrx_word' id='word_1_296' title='bbox 1575 2740 1580 2749; x_wconf 88' lang='grc'><strong>’</strong></span> 
     </span>
    </p>

    <p class='ocr_par' dir='ltr' id='par_1_21' title="bbox 269 2738 1935 2972">
     <span class='ocr_line' id='line_1_29' title="bbox 269 2738 1935 2972; baseline -0.002 -83"><span class='ocrx_word' id='word_1_297' title='bbox 269 2761 429 2890; x_wconf 54' lang='lat' dir='ltr'><strong>‘Chdxdds</strong></span> <span class='ocrx_word' id='word_1_298' title='bbox 451 2738 790 2889; x_wconf 38' lang='lat' dir='ltr'><strong>-nglhanddemus‘l</strong></span> <span class='ocrx_word' id='word_1_299' title='bbox 821 2861 850 2870; x_wconf 95' lang='lat'><em>-</em></span> <span class='ocrx_word' id='word_1_300' title='bbox 883 2824 1104 2889; x_wconf 89' lang='lat' dir='ltr'><strong>Charmides</strong></span> <span class='ocrx_word' id='word_1_301' title='bbox 1130 2844 1150 2890; x_wconf 90' lang='lat' dir='ltr'><strong>a</strong></span> <span class='ocrx_word' id='word_1_302' title='bbox 1166 2846 1297 2903; x_wconf 61' lang='lat' dir='ltr'><strong>poppa,</strong></span> <span class='ocrx_word' id='word_1_303' title='bbox 1313 2822 1410 2903; x_wconf 72' lang='grc' dir='ltr'><strong>χάρμαι</strong></span> <span class='ocrx_word' id='word_1_304' title='bbox 1438 2843 1554 2907; x_wconf 89' lang='lat' dir='ltr'><strong>pugna,</strong></span> <span class='ocrx_word' id='word_1_305' title='bbox 1576 2823 1740 2907; x_wconf 88' lang='lat' dir='ltr'><strong>pugnandi</strong></span> <span class='ocrx_word' id='word_1_306' title='bbox 1762 2820 1935 2972; x_wconf 55' lang='lat' dir='ltr'><strong>cuffditas.</strong></span> 
     </span>
    </p>

    <p class='ocr_par' dir='ltr' id='par_1_22' title="bbox 276 2907 1975 3166">
     <span class='ocr_line' id='line_1_30' title="bbox 276 2907 1940 2994; baseline -0.003 -18"><span class='ocrx_word' id='word_1_307' title='bbox 276 2910 504 2976; x_wconf 76' lang='lat' dir='ltr'><strong>Charicles?</strong></span> <span class='ocrx_word' id='word_1_308' title='bbox 536 2910 626 2975; x_wconf 85' lang='lat' dir='ltr'><strong>Triu.</strong></span> <span class='ocrx_word' id='word_1_309' title='bbox 648 2911 708 2974; x_wconf 89' lang='lat' dir='ltr'><strong>IV.</strong></span> <span class='ocrx_word' id='word_1_310' title='bbox 728 2911 758 2974; x_wconf 77' lang='lat'><strong>2.</strong></span> <span class='ocrx_word' id='word_1_311' title='bbox 781 2911 822 2975; x_wconf 91' lang='grc'><strong>77</strong></span> <span class='ocrx_word' id='word_1_312' title='bbox 844 2907 937 2994; x_wconf 78' lang='grc'>(922)</span> <span class='ocrx_word' id='word_1_313' title='bbox 958 2929 1054 2991; x_wconf 89' lang='lat' dir='ltr'><strong>quum</strong></span> <span class='ocrx_word' id='word_1_314' title='bbox 1068 2910 1162 2975; x_wconf 91' lang='lat' dir='ltr'><strong>codd.</strong></span> <span class='ocrx_word' id='word_1_315' title='bbox 1183 2929 1298 2975; x_wconf 89' lang='lat' dir='ltr'><strong>nomen</strong></span> <span class='ocrx_word' id='word_1_316' title='bbox 1323 2907 1500 2974; x_wconf 89' lang='lat' dir='ltr'><strong>Charmidis</strong></span> <span class='ocrx_word' id='word_1_317' title='bbox 1522 2910 1648 2989; x_wconf 89' lang='lat' dir='ltr'><strong>iterent,</strong></span> <span class='ocrx_word' id='word_1_318' title='bbox 1672 2908 1805 2973; x_wconf 86' lang='lat' dir='ltr'><strong>Ritsche</strong></span> <span class='ocrx_word' id='word_1_319' title='bbox 1820 2908 1867 2972; x_wconf 80' lang='lat' dir='ltr'><strong>‘us</strong></span> <span class='ocrx_word' id='word_1_320' title='bbox 1888 2907 1940 2971; x_wconf 87' lang='lat' dir='ltr'><strong>in·</strong></span> 
     </span>
     <span class='ocr_line' id='line_1_31' title="bbox 319 2993 1936 3080; baseline -0.001 -20"><span class='ocrx_word' id='word_1_321' title='bbox 319 2996 408 3061; x_wconf 82' lang='lat' dir='ltr'><strong>rexit</strong></span> <span class='ocrx_word' id='word_1_322' title='bbox 430 2995 626 3078; x_wconf 82' lang='lat' dir='ltr'><strong>,Charicles⁴,</strong></span> <span class='ocrx_word' id='word_1_323' title='bbox 659 2996 715 3060; x_wconf 90' lang='lat' dir='ltr'><strong>alii</strong></span> <span class='ocrx_word' id='word_1_324' title='bbox 737 2994 978 3077; x_wconf 65' lang='lat' dir='ltr'><strong>Charidemus,</strong></span> <span class='ocrx_word' id='word_1_325' title='bbox 1003 2996 1162 3080; x_wconf 88' lang='lat' dir='ltr'><strong>Bergkius</strong></span> <span class='ocrx_word' id='word_1_326' title='bbox 1185 2994 1375 3076; x_wconf 86' lang='lat' dir='ltr'><strong>,Charinus‘,</strong></span> <span class='ocrx_word' id='word_1_327' title='bbox 1403 2996 1522 3060; x_wconf 90' lang='lat' dir='ltr'><strong>rectius</strong></span> <span class='ocrx_word' id='word_1_328' title='bbox 1544 2996 1680 3061; x_wconf 89' lang='lat' dir='ltr'><strong>Bothius</strong></span> <span class='ocrx_word' id='word_1_329' title='bbox 1703 2993 1936 3079; x_wconf 81' lang='lat' dir='ltr'><strong>,Charmadas‘.</strong></span> 
     </span>
     <span class='ocr_line' id='line_1_32' title="bbox 318 3076 1975 3166; baseline 0 -21"><span class='ocrx_word' id='word_1_330' title='bbox 318 3083 440 3148; x_wconf 88' lang='lat' dir='ltr'><strong>Verum</strong></span> <span class='ocrx_word' id='word_1_331' title='bbox 452 3083 577 3147; x_wconf 82' lang='lat' dir='ltr'><strong>invenit</strong></span> <span class='ocrx_word' id='word_1_332' title='bbox 587 3081 870 3147; x_wconf 81' lang='lat' dir='ltr'><strong>Ribbeerh.hlus.</strong></span> <span class='ocrx_word' id='word_1_333' title='bbox 879 3080 960 3148; x_wconf 83' lang='grc'><strong>1872</strong></span> <span class='ocrx_word' id='word_1_334' title='bbox 975 3103 1006 3166; x_wconf 92' lang='lat' dir='ltr'><strong>p.</strong></span> <span class='ocrx_word' id='word_1_335' title='bbox 1015 3083 1077 3148; x_wconf 88' lang='grc'><strong>179</strong></span> <span class='ocrx_word' id='word_1_336' title='bbox 1088 3103 1138 3163; x_wconf 88' lang='lat' dir='ltr'><strong>,an</strong></span> <span class='ocrx_word' id='word_1_337' title='bbox 1152 3080 1294 3147; x_wconf 79' lang='lat' dir='ltr'><strong>Chares?</strong></span> <span class='ocrx_word' id='word_1_338' title='bbox 1307 3102 1348 3146; x_wconf 92' lang='lat' dir='ltr'><strong>an</strong></span> <span class='ocrx_word' id='word_1_339' title='bbox 1360 3080 1710 3146; x_wconf 75' lang='lat' dir='ltr'><strong>Charmidesi-Dnim</strong></span> <span class='ocrx_word' id='word_1_340' title='bbox 1722 3079 1935 3145; x_wconf 86' lang='lat' dir='ltr'><strong>Charmides‘.</strong></span> <span class='ocrx_word' id='word_1_341' title='bbox 1972 3076 1975 3081; x_wconf 76' lang='grc'><strong>’</strong></span> 
     </span>
    </p>

    <p class='ocr_par' dir='ltr' id='par_1_23' title="bbox 276 3166 937 3233">
     <span class='ocr_line' id='line_1_33' title="bbox 276 3166 937 3233; baseline 0 0"><span class='ocrx_word' id='word_1_342' title='bbox 276 3166 584 3233; x_wconf 77' lang='lat' dir='ltr'><strong>Chaerestratus</strong></span> <span class='ocrx_word' id='word_1_343' title='bbox 606 3203 646 3215; x_wconf 81' lang='lat'>-</span> <span class='ocrx_word' id='word_1_344' title='bbox 669 3167 872 3233; x_wconf 82' lang='lat' dir='ltr'><strong>Chrestusl</strong></span> <span class='ocrx_word' id='word_1_345' title='bbox 895 3202 937 3215; x_wconf 91' lang='lat'>-</span> 
     </span>
    </p>

    <p class='ocr_par' dir='ltr' id='par_1_24' title="bbox 276 3253 1937 3769">
     <span class='ocr_line' id='line_1_34' title="bbox 276 3253 1937 3336; baseline -0.001 -17"><span class='ocrx_word' id='word_1_346' title='bbox 276 3253 454 3319; x_wconf 91' lang='lat' dir='ltr'><strong>Chremes</strong></span> <span class='ocrx_word' id='word_1_347' title='bbox 460 3278 469 3330; x_wconf 91' lang='lat'>;</span> <span class='ocrx_word' id='word_1_348' title='bbox 492 3275 512 3318; x_wconf 80' lang='lat' dir='ltr'><strong>a</strong></span> <span class='ocrx_word' id='word_1_349' title='bbox 529 3261 628 3334; x_wconf 80' lang='grc' dir='ltr'><strong>χρέμα</strong></span> <span class='ocrx_word' id='word_1_350' title='bbox 638 3257 839 3334; x_wconf 64' lang='grc' dir='ltr'><strong>χρίμπτεσθαι</strong></span> <span class='ocrx_word' id='word_1_351' title='bbox 860 3271 999 3332; x_wconf 88' lang='lat' dir='ltr'><strong>screare,</strong></span> <span class='ocrx_word' id='word_1_352' title='bbox 1015 3253 1110 3316; x_wconf 81' lang='lat' dir='ltr'><strong>enixe</strong></span> <span class='ocrx_word' id='word_1_353' title='bbox 1125 3271 1289 3336; x_wconf 85' lang='lat' dir='ltr'><strong>exspuere,</strong></span> <span class='ocrx_word' id='word_1_354' title='bbox 1312 3254 1465 3334; x_wconf 77' lang='lat' dir='ltr'><strong>Aechaer,</strong></span> <span class='ocrx_word' id='word_1_355' title='bbox 1480 3254 1653 3318; x_wconf 80' lang='lat' dir='ltr'><strong>Krtohzer.</strong></span> <span class='ocrx_word' id='word_1_356' title='bbox 1689 3253 1804 3335; x_wconf 87' lang='lat' dir='ltr'><strong>ltaque</strong></span> <span class='ocrx_word' id='word_1_357' title='bbox 1818 3270 1937 3317; x_wconf 88' lang='lat' dir='ltr'><strong>senum</strong></span> 
     </span>
     <span class='ocr_line' id='line_1_35' title="bbox 318 3337 1934 3424; baseline -0.001 -21"><span class='ocrx_word' id='word_1_358' title='bbox 318 3360 517 3405; x_wconf 91' lang='lat' dir='ltr'><strong>morosorum</strong></span> <span class='ocrx_word' id='word_1_359' title='bbox 538 3360 657 3404; x_wconf 91' lang='lat' dir='ltr'><strong>nomen</strong></span> <span class='ocrx_word' id='word_1_360' title='bbox 671 3340 868 3424; x_wconf 88' lang='lat' dir='ltr'><strong>aptissimum</strong></span> <span class='ocrx_word' id='word_1_361' title='bbox 884 3341 983 3424; x_wconf 91' lang='lat' dir='ltr'><strong>inque</strong></span> <span class='ocrx_word' id='word_1_362' title='bbox 996 3340 1164 3404; x_wconf 89' lang='lat' dir='ltr'><strong>comoedia</strong></span> <span class='ocrx_word' id='word_1_363' title='bbox 1178 3358 1264 3403; x_wconf 86' lang='lat' dir='ltr'><strong>nova</strong></span> <span class='ocrx_word' id='word_1_364' title='bbox 1277 3339 1426 3403; x_wconf 89' lang='lat' dir='ltr'><strong>usitatum</strong></span> <span class='ocrx_word' id='word_1_365' title='bbox 1442 3340 1498 3403; x_wconf 84' lang='lat' dir='ltr'><strong>cir.</strong></span> <span class='ocrx_word' id='word_1_366' title='bbox 1513 3338 1678 3419; x_wconf 69' lang='grc' dir='ltr'><strong>Χρεμύλος.</strong></span> <span class='ocrx_word' id='word_1_367' title='bbox 1712 3337 1815 3415; x_wconf 86' lang='lat' dir='ltr'><strong>Quam</strong></span> <span class='ocrx_word' id='word_1_368' title='bbox 1829 3337 1934 3402; x_wconf 89' lang='lat' dir='ltr'><strong>tristis</strong></span> 
     </span>
     <span class='ocr_line' id='line_1_36' title="bbox 319 3422 1934 3509; baseline -0.001 -20"><span class='ocrx_word' id='word_1_369' title='bbox 319 3433 353 3489; x_wconf 89' lang='lat' dir='ltr'><strong>et</strong></span> <span class='ocrx_word' id='word_1_370' title='bbox 374 3428 493 3490; x_wconf 82' lang='lat' dir='ltr'><strong>morosi</strong></span> <span class='ocrx_word' id='word_1_371' title='bbox 514 3427 600 3491; x_wconf 91' lang='lat' dir='ltr'><strong>senis</strong></span> <span class='ocrx_word' id='word_1_372' title='bbox 626 3444 798 3509; x_wconf 89' lang='lat' dir='ltr'><strong>personam</strong></span> <span class='ocrx_word' id='word_1_373' title='bbox 823 3427 960 3492; x_wconf 89' lang='lat' dir='ltr'><strong>sustinet</strong></span> <span class='ocrx_word' id='word_1_374' title='bbox 984 3426 1080 3490; x_wconf 89' lang='lat' dir='ltr'><strong>etiam</strong></span> <span class='ocrx_word' id='word_1_375' title='bbox 1102 3423 1268 3508; x_wconf 79' lang='lat' dir='ltr'><strong>Phidylus3</strong></span> <span class='ocrx_word' id='word_1_376' title='bbox 1302 3444 1402 3507; x_wconf 74' lang='lat' dir='ltr'><strong>quiere</strong></span> <span class='ocrx_word' id='word_1_377' title='bbox 1430 3424 1570 3509; x_wconf 83' lang='lat' dir='ltr'><strong>Glycera</strong></span> <span class='ocrx_word' id='word_1_378' title='bbox 1596 3424 1749 3489; x_wconf 88' lang='lat' dir='ltr'><strong>Bacchidi</strong></span> <span class='ocrx_word' id='word_1_379' title='bbox 1778 3422 1934 3506; x_wconf 84' lang='lat' dir='ltr'><strong>Alecphr.</strong></span> 
     </span>
     <span class='ocr_line' id='line_1_37' title="bbox 318 3508 1936 3595; baseline -0.004 -20"><span class='ocrx_word' id='word_1_380' title='bbox 318 3512 399 3595; x_wconf 73' lang='lat' dir='ltr'><strong>Epp.</strong></span> <span class='ocrx_word' id='word_1_381' title='bbox 421 3513 447 3576; x_wconf 92' lang='grc' dir='ltr'><strong>Ι.</strong></span> <span class='ocrx_word' id='word_1_382' title='bbox 469 3509 512 3577; x_wconf 83' lang='lat'><strong>29</strong></span> <span class='ocrx_word' id='word_1_383' title='bbox 533 3512 660 3577; x_wconf 75' lang='lat' dir='ltr'><strong>floribit:</strong></span> <span class='ocrx_word' id='word_1_384' title='bbox 686 3511 778 3587; x_wconf 73' lang='grc' dir='ltr'><em>δεήσει</em></span> <span class='ocrx_word' id='word_1_385' title='bbox 798 3534 836 3588; x_wconf 79' lang='grc' dir='ltr'><strong>με</strong></span> <span class='ocrx_word' id='word_1_386' title='bbox 856 3511 906 3573; x_wconf 59' lang='lat' dir='ltr'><strong>eni</strong></span> <span class='ocrx_word' id='word_1_387' title='bbox 935 3516 983 3588; x_wconf 71' lang='grc' dir='ltr'><strong>τῆς</strong></span> <span class='ocrx_word' id='word_1_388' title='bbox 1004 3512 1102 3588; x_wconf 62' lang='lat' dir='ltr'><strong>ondans</strong></span> <span class='ocrx_word' id='word_1_389' title='bbox 1127 3510 1184 3571; x_wconf 75' lang='lat' dir='ltr'><strong>istd</strong></span> <span class='ocrx_word' id='word_1_390' title='bbox 1206 3511 1359 3591; x_wconf 69' lang='grc' dir='ltr'><strong>Χρέμητός</strong></span> <span class='ocrx_word' id='word_1_391' title='bbox 1384 3534 1458 3583; x_wconf 77' lang='grc' dir='ltr'><strong><em>τινος</em></strong></span> <span class='ocrx_word' id='word_1_392' title='bbox 1483 3510 1501 3586; x_wconf 84' lang='grc' dir='ltr'><em>ἢ</em></span> <span class='ocrx_word' id='word_1_393' title='bbox 1530 3510 1674 3582; x_wconf 60' lang='lat' dir='ltr'><strong>(bradelece</strong></span> <span class='ocrx_word' id='word_1_394' title='bbox 1701 3514 1809 3590; x_wconf 76' lang='grc' dir='ltr'><strong><em>πικρῶς</em></strong></span> <span class='ocrx_word' id='word_1_395' title='bbox 1837 3508 1936 3568; x_wconf 64' lang='grc' dir='ltr'><em>λοιδο-</em></span> 
     </span>
     <span class='ocr_line' id='line_1_38' title="bbox 318 3595 1935 3681; baseline 0.002 -24"><span class='ocrx_word' id='word_1_396' title='bbox 318 3600 444 3677; x_wconf 75' lang='grc' dir='ltr'><strong>ρεῖσθαι.</strong></span> <span class='ocrx_word' id='word_1_397' title='bbox 487 3598 582 3681; x_wconf 79' lang='lat' dir='ltr'><strong>Apud</strong></span> <span class='ocrx_word' id='word_1_398' title='bbox 601 3597 752 3663; x_wconf 89' lang='lat' dir='ltr'><strong>Plautum</strong></span> <span class='ocrx_word' id='word_1_399' title='bbox 780 3597 932 3663; x_wconf 80' lang='lat' dir='ltr'><strong>Chremes</strong></span> <span class='ocrx_word' id='word_1_400' title='bbox 959 3599 1088 3681; x_wconf 89' lang='lat' dir='ltr'><strong>quidam</strong></span> <span class='ocrx_word' id='word_1_401' title='bbox 1120 3597 1204 3661; x_wconf 91' lang='lat' dir='ltr'><strong>inter</strong></span> <span class='ocrx_word' id='word_1_402' title='bbox 1230 3595 1312 3662; x_wconf 91' lang='lat' dir='ltr'><strong>alios</strong></span> <span class='ocrx_word' id='word_1_403' title='bbox 1334 3617 1428 3662; x_wconf 91' lang='lat' dir='ltr'><strong>senes</strong></span> <span class='ocrx_word' id='word_1_404' title='bbox 1454 3597 1487 3660; x_wconf 92' lang='lat' dir='ltr'><strong>iu</strong></span> <span class='ocrx_word' id='word_1_405' title='bbox 1509 3596 1659 3660; x_wconf 80' lang='lat' dir='ltr'><strong>Asinaria</strong></span> <span class='ocrx_word' id='word_1_406' title='bbox 1685 3596 1877 3677; x_wconf 89' lang='lat' dir='ltr'><strong>nominatur,</strong></span> <span class='ocrx_word' id='word_1_407' title='bbox 1909 3615 1935 3661; x_wconf 82' lang='lat' dir='ltr'><strong>a</strong></span> 
     </span>
     <span class='ocr_line' id='line_1_39' title="bbox 319 3680 1933 3769; baseline -0.001 -22"><span class='ocrx_word' id='word_1_408' title='bbox 319 3682 474 3747; x_wconf 80' lang='lat' dir='ltr'><strong>Terentio</strong></span> <span class='ocrx_word' id='word_1_409' title='bbox 490 3684 523 3747; x_wconf 91' lang='lat' dir='ltr'><strong>id</strong></span> <span class='ocrx_word' id='word_1_410' title='bbox 536 3703 656 3748; x_wconf 90' lang='lat' dir='ltr'><strong>nomeu</strong></span> <span class='ocrx_word' id='word_1_411' title='bbox 670 3694 721 3748; x_wconf 91' lang='lat' dir='ltr'><strong>ter</strong></span> <span class='ocrx_word' id='word_1_412' title='bbox 734 3703 894 3768; x_wconf 88' lang='lat' dir='ltr'><strong>personae</strong></span> <span class='ocrx_word' id='word_1_413' title='bbox 908 3684 1078 3769; x_wconf 83' lang='lat' dir='ltr'><strong>primariae</strong></span> <span class='ocrx_word' id='word_1_414' title='bbox 1092 3683 1225 3747; x_wconf 90' lang='lat' dir='ltr'><strong>inditum</strong></span> <span class='ocrx_word' id='word_1_415' title='bbox 1240 3690 1401 3766; x_wconf 82' lang='lat' dir='ltr'><strong>astatque</strong></span> <span class='ocrx_word' id='word_1_416' title='bbox 1416 3683 1512 3746; x_wconf 85' lang='lat' dir='ltr'><strong>etiam</strong></span> <span class='ocrx_word' id='word_1_417' title='bbox 1525 3683 1572 3747; x_wconf 89' lang='lat' dir='ltr'><strong>ita</strong></span> <span class='ocrx_word' id='word_1_418' title='bbox 1585 3690 1716 3746; x_wconf 82' lang='lat' dir='ltr'><strong>notatim</strong></span> <span class='ocrx_word' id='word_1_419' title='bbox 1729 3682 1761 3745; x_wconf 92' lang='lat' dir='ltr'><strong>in</strong></span> <span class='ocrx_word' id='word_1_420' title='bbox 1773 3680 1933 3746; x_wconf 79' lang='lat' dir='ltr'><strong>Eunucho</strong></span> 
     </span>
    </p>

    <p class='ocr_par' dir='ltr' id='par_1_25' title="bbox 275 3766 1857 3919">
     <span class='ocr_line' id='line_1_40' title="bbox 275 3766 1857 3919; baseline -0.001 -87"><span class='ocrx_word' id='word_1_421' title='bbox 275 3766 517 3919; x_wconf 55' lang='grc' dir='ltr'><strong>ωαάοΙοεαοιιὲ</strong></span> <span class='ocrx_word' id='word_1_422' title='bbox 531 3771 597 3833; x_wconf 90' lang='lat' dir='ltr'><strong>ruri</strong></span> <span class='ocrx_word' id='word_1_423' title='bbox 617 3770 771 3835; x_wconf 85' lang='lat' dir='ltr'><strong>educatus</strong></span> <span class='ocrx_word' id='word_1_424' title='bbox 792 3790 896 3853; x_wconf 89' lang='lat' dir='ltr'><strong>eoque</strong></span> <span class='ocrx_word' id='word_1_425' title='bbox 920 3770 1059 3834; x_wconf 88' lang='lat' dir='ltr'><strong>civilium</strong></span> <span class='ocrx_word' id='word_1_426' title='bbox 1081 3769 1307 3835; x_wconf 85' lang='lat' dir='ltr'><strong>blanditiarum</strong></span> <span class='ocrx_word' id='word_1_427' title='bbox 1328 3768 1473 3833; x_wconf 88' lang='lat' dir='ltr'><strong>insolens</strong></span> <span class='ocrx_word' id='word_1_428' title='bbox 1495 3777 1528 3832; x_wconf 89' lang='lat' dir='ltr'><strong>et</strong></span> <span class='ocrx_word' id='word_1_429' title='bbox 1549 3768 1663 3833; x_wconf 89' lang='lat' dir='ltr'><strong>artium</strong></span> <span class='ocrx_word' id='word_1_430' title='bbox 1682 3768 1857 3851; x_wconf 84' lang='lat' dir='ltr'><strong>imperitus.</strong></span> 
     </span>
    </p>

    <p class='ocr_par' dir='ltr' id='par_1_26' title="bbox 329 3854 737 3921">
     <span class='ocr_line' id='line_1_41' title="bbox 329 3854 737 3921; baseline 0.01 -4"><span class='ocrx_word' id='word_1_431' title='bbox 329 3854 409 3920; x_wconf 90' lang='lat' dir='ltr'><strong>inia</strong></span> <span class='ocrx_word' id='word_1_432' title='bbox 428 3890 471 3901; x_wconf 91' lang='lat'>-</span> <span class='ocrx_word' id='word_1_433' title='bbox 522 3855 676 3921; x_wconf 87' lang='lat' dir='ltr'><strong>ratinus</strong></span> <span class='ocrx_word' id='word_1_434' title='bbox 695 3891 737 3902; x_wconf 91' lang='lat'>-</span> 
     </span>
    </p>

    <p class='ocr_par' dir='ltr' id='par_1_27' title="bbox 275 3939 1408 4025">
     <span class='ocr_line' id='line_1_42' title="bbox 275 3939 1408 4025; baseline -0.007 -20"><span class='ocrx_word' id='word_1_435' title='bbox 275 3939 488 4005; x_wconf 86' lang='lat' dir='ltr'><strong>Daemones</strong></span> <span class='ocrx_word' id='word_1_436' title='bbox 511 3941 685 4024; x_wconf 59' lang='lat' dir='ltr'><strong>despenser,</strong></span> <span class='ocrx_word' id='word_1_437' title='bbox 708 3941 901 4006; x_wconf 86' lang='lat' dir='ltr'><strong>Denselerus</strong></span> <span class='ocrx_word' id='word_1_438' title='bbox 923 3942 1086 4025; x_wconf 77' lang='lat' dir='ltr'><strong>praeiens</strong></span> <span class='ocrx_word' id='word_1_439' title='bbox 1107 3942 1233 4005; x_wconf 81' lang='lat' dir='ltr'><strong>ridetur</strong></span> <span class='ocrx_word' id='word_1_440' title='bbox 1254 3946 1408 4017; x_wconf 65' lang='grc' dir='ltr'><strong>Δαϊμένης.</strong></span> 
     </span>
    </p>

    <p class='ocr_par' dir='ltr' id='par_1_28' title="bbox 275 4025 1237 4092">
     <span class='ocr_line' id='line_1_43' title="bbox 275 4025 1237 4092; baseline 0 -2"><span class='ocrx_word' id='word_1_441' title='bbox 275 4026 538 4092; x_wconf 88' lang='lat' dir='ltr'><strong>Demaenetus</strong></span> <span class='ocrx_word' id='word_1_442' title='bbox 560 4062 602 4073; x_wconf 90' lang='lat'><em>—</em></span> <span class='ocrx_word' id='word_1_443' title='bbox 622 4025 902 4092; x_wconf 87' lang='lat' dir='ltr'><strong>Demosthenes</strong></span> <span class='ocrx_word' id='word_1_444' title='bbox 927 4038 964 4073; x_wconf 83' lang='grc'><strong>-“-</strong></span> <span class='ocrx_word' id='word_1_445' title='bbox 987 4027 1237 4092; x_wconf 86' lang='lat' dir='ltr'><strong>Demarchus.</strong></span> 
     </span>
    </p>

    <p class='ocr_par' dir='ltr' id='par_1_29' title="bbox 275 4110 1960 4539">
     <span class='ocr_line' id='line_1_44' title="bbox 275 4110 1937 4196; baseline 0 -20"><span class='ocrx_word' id='word_1_446' title='bbox 275 4111 470 4195; x_wconf 90' lang='lat' dir='ltr'><strong>Demipho.</strong></span> <span class='ocrx_word' id='word_1_447' title='bbox 499 4111 559 4176; x_wconf 88' lang='lat' dir='ltr'><strong>Cui</strong></span> <span class='ocrx_word' id='word_1_448' title='bbox 569 4113 690 4176; x_wconf 91' lang='lat' dir='ltr'><strong>nomini</strong></span> <span class='ocrx_word' id='word_1_449' title='bbox 701 4131 796 4194; x_wconf 86' lang='lat' dir='ltr'><strong>quam</strong></span> <span class='ocrx_word' id='word_1_450' title='bbox 807 4132 924 4196; x_wconf 86' lang='lat' dir='ltr'><strong>graece</strong></span> <span class='ocrx_word' id='word_1_451' title='bbox 935 4110 1371 4196; x_wconf 75' lang='lat' dir='ltr'><strong>respoudeat,Anpcpc‘or,-</strong></span> <span class='ocrx_word' id='word_1_452' title='bbox 1382 4115 1457 4193; x_wconf 76' lang='grc' dir='ltr'><strong>φῶν,</strong></span> <span class='ocrx_word' id='word_1_453' title='bbox 1468 4112 1648 4195; x_wconf 89' lang='lat' dir='ltr'><strong>composita</strong></span> <span class='ocrx_word' id='word_1_454' title='bbox 1658 4126 1937 4194; x_wconf 86' lang='lat' dir='ltr'><strong>graeca,quoruur</strong></span> 
     </span>
     <span class='ocr_line' id='line_1_45' title="bbox 317 4193 1936 4281; baseline -0.004 -19"><span class='ocrx_word' id='word_1_455' title='bbox 317 4217 391 4280; x_wconf 84' lang='lat' dir='ltr'><strong>pars</strong></span> <span class='ocrx_word' id='word_1_456' title='bbox 413 4198 504 4281; x_wconf 91' lang='lat' dir='ltr'><strong>prior</strong></span> <span class='ocrx_word' id='word_1_457' title='bbox 518 4199 560 4278; x_wconf 83' lang='lat' dir='ltr'><strong>,o‘</strong></span> <span class='ocrx_word' id='word_1_458' title='bbox 577 4199 775 4279; x_wconf 89' lang='lat' dir='ltr'><strong>terminatur,</strong></span> <span class='ocrx_word' id='word_1_459' title='bbox 796 4200 824 4263; x_wconf 93' lang='lat' dir='ltr'><strong>si</strong></span> <span class='ocrx_word' id='word_1_460' title='bbox 838 4199 1035 4263; x_wconf 84' lang='lat' dir='ltr'><strong>crateribus</strong></span> <span class='ocrx_word' id='word_1_461' title='bbox 1051 4197 1205 4262; x_wconf 84' lang='lat' dir='ltr'><strong>Romanis</strong></span> <span class='ocrx_word' id='word_1_462' title='bbox 1218 4196 1319 4263; x_wconf 87' lang='lat' dir='ltr'><strong>latine</strong></span> <span class='ocrx_word' id='word_1_463' title='bbox 1333 4198 1551 4280; x_wconf 85' lang='lat' dir='ltr'><strong>vertebantur,</strong></span> <span class='ocrx_word' id='word_1_464' title='bbox 1570 4197 1742 4262; x_wconf 89' lang='lat' dir='ltr'><strong>latinorum</strong></span> <span class='ocrx_word' id='word_1_465' title='bbox 1755 4193 1936 4279; x_wconf 87' lang='lat' dir='ltr'><strong>nominum,</strong></span> 
     </span>
     <span class='ocr_line' id='line_1_46' title="bbox 319 4280 1938 4369; baseline 0.001 -23"><span class='ocrx_word' id='word_1_466' title='bbox 319 4301 452 4364; x_wconf 89' lang='lat' dir='ltr'><strong>qnorum</strong></span> <span class='ocrx_word' id='word_1_467' title='bbox 473 4285 565 4367; x_wconf 91' lang='lat' dir='ltr'><strong>prior</strong></span> <span class='ocrx_word' id='word_1_468' title='bbox 584 4303 661 4368; x_wconf 89' lang='lat' dir='ltr'><strong>pars</strong></span> <span class='ocrx_word' id='word_1_469' title='bbox 682 4295 733 4348; x_wconf 88' lang='lat' dir='ltr'><strong>est</strong></span> <span class='ocrx_word' id='word_1_470' title='bbox 751 4284 849 4366; x_wconf 88' lang='lat' dir='ltr'><strong>stirps</strong></span> <span class='ocrx_word' id='word_1_471' title='bbox 875 4285 908 4347; x_wconf 90' lang='lat' dir='ltr'><strong>in</strong></span> <span class='ocrx_word' id='word_1_472' title='bbox 931 4285 971 4364; x_wconf 83' lang='lat' dir='ltr'><strong>,o‘</strong></span> <span class='ocrx_word' id='word_1_473' title='bbox 995 4286 1114 4366; x_wconf 85' lang='lat' dir='ltr'><strong>exiens,</strong></span> <span class='ocrx_word' id='word_1_474' title='bbox 1141 4283 1324 4368; x_wconf 79' lang='lat' dir='ltr'><strong>analogiam</strong></span> <span class='ocrx_word' id='word_1_475' title='bbox 1344 4291 1456 4349; x_wconf 89' lang='lat' dir='ltr'><strong>secuta</strong></span> <span class='ocrx_word' id='word_1_476' title='bbox 1480 4303 1540 4369; x_wconf 92' lang='lat' dir='ltr'><strong>pro</strong></span> <span class='ocrx_word' id='word_1_477' title='bbox 1562 4302 1683 4368; x_wconf 79' lang='lat' dir='ltr'><strong>graeco</strong></span> <span class='ocrx_word' id='word_1_478' title='bbox 1703 4281 1745 4363; x_wconf 84' lang='lat' dir='ltr'><strong>,o‘</strong></span> <span class='ocrx_word' id='word_1_479' title='bbox 1765 4280 1938 4362; x_wconf 86' lang='lat' dir='ltr'><strong>recepisse</strong></span> 
     </span>
     <span class='ocr_line' id='line_1_47' title="bbox 319 4364 1960 4457; baseline 0.001 -27"><span class='ocrx_word' id='word_1_480' title='bbox 319 4367 466 4433; x_wconf 85' lang='lat' dir='ltr'><strong>ridentur</strong></span> <span class='ocrx_word' id='word_1_481' title='bbox 487 4369 616 4435; x_wconf 85' lang='lat' dir='ltr'><strong>finalem</strong></span> <span class='ocrx_word' id='word_1_482' title='bbox 637 4370 668 4451; x_wconf 86' lang='lat' dir='ltr'><strong>,i‘</strong></span> <span class='ocrx_word' id='word_1_483' title='bbox 695 4370 753 4434; x_wconf 82' lang='lat' dir='ltr'><strong>eir.</strong></span> <span class='ocrx_word' id='word_1_484' title='bbox 780 4369 971 4457; x_wconf 76' lang='lat' dir='ltr'><strong>Patricoles,</strong></span> <span class='ocrx_word' id='word_1_485' title='bbox 1004 4369 1247 4454; x_wconf 87' lang='lat' dir='ltr'><strong>thermipolium,</strong></span> <span class='ocrx_word' id='word_1_486' title='bbox 1274 4371 1536 4455; x_wconf 80' lang='lat' dir='ltr'><strong>tragicomoedie,</strong></span> <span class='ocrx_word' id='word_1_487' title='bbox 1563 4366 1804 4448; x_wconf 75' lang='lat' dir='ltr'><strong>Lemniselenis,</strong></span> <span class='ocrx_word' id='word_1_488' title='bbox 1831 4364 1960 4432; x_wconf 86' lang='lat' dir='ltr'><strong>Pulti·&#39;</strong></span> 
     </span>
     <span class='ocr_line' id='line_1_48' title="bbox 317 4452 1937 4539; baseline 0.003 -24"><span class='ocrx_word' id='word_1_489' title='bbox 317 4452 526 4537; x_wconf 83' lang='lat' dir='ltr'><strong>phagonides,</strong></span> <span class='ocrx_word' id='word_1_490' title='bbox 550 4453 740 4539; x_wconf 73' lang='lat' dir='ltr'><strong>Clitipho.²)</strong></span> <span class='ocrx_word' id='word_1_491' title='bbox 779 4454 831 4522; x_wconf 80' lang='lat' dir='ltr'>le</span> <span class='ocrx_word' id='word_1_492' title='bbox 853 4454 956 4521; x_wconf 84' lang='lat' dir='ltr'><strong>latino</strong></span> <span class='ocrx_word' id='word_1_493' title='bbox 978 4456 1154 4539; x_wconf 90' lang='lat' dir='ltr'><strong>,Demipho‘</strong></span> <span class='ocrx_word' id='word_1_494' title='bbox 1182 4456 1299 4520; x_wconf 89' lang='lat' dir='ltr'><strong>deinde</strong></span> <span class='ocrx_word' id='word_1_495' title='bbox 1324 4457 1442 4521; x_wconf 84' lang='lat' dir='ltr'><strong>iactum</strong></span> <span class='ocrx_word' id='word_1_496' title='bbox 1465 4463 1516 4520; x_wconf 86' lang='lat' dir='ltr'><strong>est</strong></span> <span class='ocrx_word' id='word_1_497' title='bbox 1539 4473 1690 4539; x_wconf 84' lang='lat' dir='ltr'><strong>graecum</strong></span> <span class='ocrx_word' id='word_1_498' title='bbox 1712 4454 1855 4533; x_wconf 74' lang='grc' dir='ltr'><strong>αημιφῶν</strong></span> <span class='ocrx_word' id='word_1_499' title='bbox 1876 4472 1937 4538; x_wconf 90' lang='lat' dir='ltr'><strong>ap.</strong></span> 
     </span>
    </p>

    <p class='ocr_par' dir='ltr' id='par_1_30' title="bbox 212 4535 1942 4628">
     <span class='ocr_line' id='line_1_49' title="bbox 212 4535 1942 4628; baseline 0.002 -26"><span class='ocrx_word' id='word_1_500' title='bbox 212 4572 217 4581; x_wconf 86' lang='lat'><em>·</em></span> <span class='ocrx_word' id='word_1_501' title='bbox 318 4537 429 4622; x_wconf 79' lang='lat' dir='ltr'><strong>Hygia</strong></span> <span class='ocrx_word' id='word_1_502' title='bbox 444 4549 520 4606; x_wconf 85' lang='lat' dir='ltr'><strong>aetr.</strong></span> <span class='ocrx_word' id='word_1_503' title='bbox 546 4543 590 4607; x_wconf 89' lang='grc' dir='ltr'><strong>ΙΙ.</strong></span> <span class='ocrx_word' id='word_1_504' title='bbox 604 4542 647 4607; x_wconf 86' lang='grc'><strong>40</strong></span> <span class='ocrx_word' id='word_1_505' title='bbox 667 4542 724 4606; x_wconf 83' lang='lat' dir='ltr'><strong>cir.</strong></span> <span class='ocrx_word' id='word_1_506' title='bbox 744 4541 1000 4625; x_wconf 81' lang='lat' dir='ltr'><strong>Diony-sideros</strong></span> <span class='ocrx_word' id='word_1_507' title='bbox 1020 4542 1293 4625; x_wconf 83' lang='lat' dir='ltr'><strong>Dionyso-dorus,</strong></span> <span class='ocrx_word' id='word_1_508' title='bbox 1313 4541 1534 4628; x_wconf 81' lang='lat' dir='ltr'><strong>Dionysi-cles</strong></span> <span class='ocrx_word' id='word_1_509' title='bbox 1553 4539 1795 4623; x_wconf 83' lang='lat' dir='ltr'><strong>Dionyso-cles,</strong></span> <span class='ocrx_word' id='word_1_510' title='bbox 1815 4535 1942 4606; x_wconf 89' lang='lat' dir='ltr'><strong>Chori-</strong></span> 
     </span>
    </p>

    <p class='ocr_par' dir='ltr' id='par_1_31' title="bbox 317 4624 1938 4713">
     <span class='ocr_line' id='line_1_50' title="bbox 317 4624 1938 4713; baseline 0.002 -26"><span class='ocrx_word' id='word_1_511' title='bbox 317 4624 420 4704; x_wconf 88' lang='lat' dir='ltr'><strong>bates,</strong></span> <span class='ocrx_word' id='word_1_512' title='bbox 454 4628 693 4692; x_wconf 84' lang='lat' dir='ltr'><strong>Artemi-dorus</strong></span> <span class='ocrx_word' id='word_1_513' title='bbox 719 4626 956 4709; x_wconf 83' lang='lat' dir='ltr'><strong>Artemo-elea,</strong></span> <span class='ocrx_word' id='word_1_514' title='bbox 989 4628 1254 4712; x_wconf 85' lang='lat' dir='ltr'><strong>Dionysi-geues,</strong></span> <span class='ocrx_word' id='word_1_515' title='bbox 1286 4628 1498 4713; x_wconf 85' lang='lat' dir='ltr'><strong>Calo-tychus</strong></span> <span class='ocrx_word' id='word_1_516' title='bbox 1520 4624 1731 4710; x_wconf 71' lang='lat' dir='ltr'><strong>calieychus,</strong></span> <span class='ocrx_word' id='word_1_517' title='bbox 1768 4625 1938 4710; x_wconf 78' lang='lat' dir='ltr'><strong>Celo-pus</strong></span> 
     </span>
    </p>

    <p class='ocr_par' dir='ltr' id='par_1_32' title="bbox 318 4708 1685 4798">
     <span class='ocr_line' id='line_1_51' title="bbox 318 4708 1685 4798; baseline 0.009 -24"><span class='ocrx_word' id='word_1_518' title='bbox 318 4708 467 4793; x_wconf 79' lang='lat' dir='ltr'><strong>cali-pus</strong></span> <span class='ocrx_word' id='word_1_519' title='bbox 489 4709 544 4776; x_wconf 85' lang='lat' dir='ltr'><strong>all.</strong></span> <span class='ocrx_word' id='word_1_520' title='bbox 587 4713 638 4778; x_wconf 92' lang='lat' dir='ltr'><strong>De</strong></span> <span class='ocrx_word' id='word_1_521' title='bbox 659 4713 839 4778; x_wconf 82' lang='lat' dir='ltr'><strong>callidorus</strong></span> <span class='ocrx_word' id='word_1_522' title='bbox 862 4713 919 4778; x_wconf 86' lang='lat' dir='ltr'><strong>cfr.</strong></span> <span class='ocrx_word' id='word_1_523' title='bbox 940 4734 972 4798; x_wconf 92' lang='lat' dir='ltr'><strong>p.</strong></span> <span class='ocrx_word' id='word_1_524' title='bbox 997 4715 1046 4780; x_wconf 90' lang='grc'><strong>16.</strong></span> <span class='ocrx_word' id='word_1_525' title='bbox 1681 4749 1685 4756; x_wconf 55' lang='lat'><strong>⁴</strong></span> 
     </span>
    </p>
   </div>
   <div class='ocr_carea' id='block_1_4' title="bbox 313 4845 1939 4918">
    <p class='ocr_par' dir='ltr' id='par_1_33' title="bbox 313 4845 1939 4918">
     <span class='ocr_line' id='line_1_52' title="bbox 313 4845 1939 4918; baseline 0.001 -21"><span class='ocrx_word' id='word_1_526' title='bbox 313 4849 335 4915; x_wconf 77' lang='lat'><strong>¹)</strong></span> <span class='ocrx_word' id='word_1_527' title='bbox 346 4845 382 4899; x_wconf 81' lang='lat' dir='ltr'><strong>lta</strong></span> <span class='ocrx_word' id='word_1_528' title='bbox 391 4845 455 4898; x_wconf 78' lang='lat' dir='ltr'><strong>Fich</strong></span> <span class='ocrx_word' id='word_1_529' title='bbox 468 4847 545 4915; x_wconf 68' lang='lat' dir='ltr'><strong>ped,</strong></span> <span class='ocrx_word' id='word_1_530' title='bbox 561 4845 617 4901; x_wconf 77' lang='lat' dir='ltr'><strong>tae.</strong></span> <span class='ocrx_word' id='word_1_531' title='bbox 635 4847 661 4913; x_wconf 87' lang='lat'><strong>¹)</strong></span> <span class='ocrx_word' id='word_1_532' title='bbox 670 4846 797 4900; x_wconf 75' lang='lat' dir='ltr'><strong>Fleckeis.</strong></span> <span class='ocrx_word' id='word_1_533' title='bbox 812 4846 929 4902; x_wconf 73' lang='lat' dir='ltr'><strong>libitus.</strong></span> <span class='ocrx_word' id='word_1_534' title='bbox 940 4848 1004 4905; x_wconf 82' lang='lat' dir='ltr'><strong>vm.</strong></span> <span class='ocrx_word' id='word_1_535' title='bbox 1018 4848 1152 4917; x_wconf 54' lang='lat' dir='ltr'><strong>aalma</strong></span> <span class='ocrx_word' id='word_1_536' title='bbox 1165 4847 1279 4903; x_wconf 77' lang='lat' dir='ltr'><strong>Coronea</strong></span> <span class='ocrx_word' id='word_1_537' title='bbox 1292 4847 1315 4901; x_wconf 93' lang='lat' dir='ltr'><strong>ll</strong></span> <span class='ocrx_word' id='word_1_538' title='bbox 1327 4850 1370 4910; x_wconf 78' lang='grc'><strong>76,</strong></span> <span class='ocrx_word' id='word_1_539' title='bbox 1382 4848 1441 4905; x_wconf 81' lang='grc'><strong>319.</strong></span> <span class='ocrx_word' id='word_1_540' title='bbox 1455 4846 1511 4900; x_wconf 83' lang='lat' dir='ltr'><strong>lleil</strong></span> <span class='ocrx_word' id='word_1_541' title='bbox 1524 4848 1590 4905; x_wconf 81' lang='lat' dir='ltr'><strong>anal.</strong></span> <span class='ocrx_word' id='word_1_542' title='bbox 1602 4850 1685 4918; x_wconf 82' lang='lat' dir='ltr'><strong>epigr.</strong></span> <span class='ocrx_word' id='word_1_543' title='bbox 1697 4857 1818 4900; x_wconf 79' lang='lat' dir='ltr'><strong>etonem.</strong></span> <span class='ocrx_word' id='word_1_544' title='bbox 1832 4864 1859 4914; x_wconf 88' lang='lat' dir='ltr'><strong>p.</strong></span> <span class='ocrx_word' id='word_1_545' title='bbox 1868 4848 1939 4911; x_wconf 76' lang='grc'><strong>189,</strong></span> 
     </span>
    </p>
   </div>
   <div class='ocr_carea' id='block_1_5' title="bbox 0 0 2192 6149">
    <p class='ocr_par' dir='ltr' id='par_1_34' title="bbox 0 0 2192 6149">
     <span class='ocr_line' id='line_1_53' title="bbox 0 0 2192 6149; baseline 0 0"><span class='ocrx_word' id='word_1_546' title='bbox 0 0 2192 6149; x_wconf 95' lang='lat' dir='ltr'><strong> </strong></span> 
     </span>
    </p>
   </div>
  </div>
 </body>
</html>
