4358 5812
839 304 982 371 ..9-

127 491 156 555 B
175 492 388 579 Ampsagura.
431 493 557 559 Nomen
571 511 636 557 non
651 493 804 578 expedi03
827 494 938 559 dubito
960 513 1002 560 an
1015 512 1170 578 maecum
1189 495 1320 576 nonsit,
1342 512 1545 581 quemquam,
1565 498 1594 562 si
1608 500 1741 583 Ampsa-

127 597 209 661 guro
230 597 310 646 vera
327 580 425 645 lectio
447 579 498 660 sit,
520 579 561 642 de
578 576 747 659 ’Abarim
767 579 936 645 Numidiae
959 580 1096 663 flumine,
1119 581 1265 664 cogitare
1286 578 1373 647 licet.

86 667 302 732 Artemona.
346 667 393 732 Ut
401 664 534 815 gregato
547 664 737 814 ⁰flamininum
758 672 808 730 est
822 666 913 732 vocis
929 663 1057 745 ἡγεμών,
1077 666 1154 740 troc,
1174 666 1221 731 ita
1232 664 1400 749 Ἀριεμῶνη
1421 666 1740 751 nominis'Apttpm,

128 771 213 822 (υνυς,
234 754 275 818 dc
296 772 359 835 quo
382 772 400 817 c
431 799 439 815 .
489 769 546 815 cns
581 798 589 815 .

86 837 276 905 Cleobula
298 840 355 905 cfr.
372 835 562 917 -OEeobalus,
584 834 786 901 cleobulina.-
810 869 845 883 -
872 834 1098 902 Cleostrata
1119 838 1176 902 ch.
1200 837 1412 904 Cleostratus.

85 921 284 1009 Daedalls;
307 925 414 990 femin.
436 922 574 987 nominis
596 919 757 994 Δωδυλιυς
783 920 1035 1005 arabasdum,
1058 922 1221 1007 Daedala;
1248 922 1469 990 Camerarius:
1501 921 1577 1007 ,dud
1594 928 1645 986 τοῦ
1664 930 1740 986 Δαυ-

128 1008 230 1084 do'too,
250 1012 354 1077 forma
373 1008 615 1094 patronymica‘.

85 1100 268 1182 Dorippa.
313 1098 416 1176 Quum
436 1097 477 1160 de
498 1093 652 1178 prosodia
672 1092 794 1175 primae
808 1092 955 1176 syllabae
977 1094 1117 1159 dubitari
1138 1094 1250 1179 possit,
1273 1095 1373 1161 Mero.
1387 1096 1448 1161 IV.
1464 1097 1494 1162 1.
1512 1097 1551 1162 17
1574 1096 1740 1196 ,Dorippt,

129 1204 200 1251 mea
221 1184 382 1268 Dorippal
405 1212 447 1228 —-
469 1180 553 1259 Quid
578 1179 710 1256 clamas,
734 1179 902 1245 obsecrol‘
929 1181 985 1245 ubi
1005 1182 1075 1246 sine
1096 1200 1195 1246 causa
1224 1181 1353 1264 quidam
1373 1182 1544 1254 ediderunt
1570 1180 1740 1265 ,Dompa‘,

127 1280 233 1337 utrum
254 1269 398 1350 Plautus,
426 1267 460 1331 id
481 1265 569 1350 quod
589 1263 784 1330 Berselerus
810 1264 923 1347 voluit,
950 1270 1102 1348 Δυρίππρ,
1129 1267 1186 1332 cfr.
1207 1266 1315 1333 Sobel.
1337 1267 1449 1351 Apoll.
1471 1267 1534 1334 llh.
1554 1269 1581 1333 1.
1605 1269 1677 1346 118,
1693 1287 1740 1332 ¹au

129 1364 300 1439 Aoo-tumr
319 1352 519 1440 praetulerit,
541 1371 606 1416 non
627 1349 739 1433 liquet

86 1443 288 1525 lluuomia3
309 1441 602 1517 Eleorum-werla·
646 1436 736 1500 Idem
757 1453 874 1501 nomeu
896 1443 947 1502 est
966 1437 1022 1502 uni
1042 1457 1083 1503 cx
1103 1437 1215 1504 Horis.

86 1530 298 1614 Myrrhina;
328 1530 461 1606 Μυρρινρ
483 1523 536 1588 vel
558 1526 688 1603 Μνρίνυ,
716 1522 804 1604 quod
824 1523 909 1587 idem
930 1531 991 1604 est,
1017 1524 1079 1589 etsi
1105 1524 1208 1608 magis
1234 1524 1419 1590 meretrices
1439 1526 1543 1608 docet,
1571 1532 1678 1591 nmen
1699 1543 1740 1589 ns

128 1615 282 1680 matronis
304 1612 432 1695 quidem
454 1609 619 1694 indignum
640 1616 691 1672 est
714 1608 771 1673 cfr.
803 1608 994 1690 Μυρρινίδιον
1014 1609 1114 1676 Arist.
1138 1610 1212 1694 hys.
1234 1611 1313 1694 8723
1340 1612 1413 1676 edd.
1435 1611 1511 1676 Ter.
1533 1611 1616 1678 Heo.
1643 1621 1741 1695 saepo

129 1701 302 1786 ,Myrriua‘,
325 1697 512 1782 plerumque
533 1703 641 1759 tamen
664 1697 725 1759 Ac.
744 1693 816 1758 rell.
839 1695 1023 1778 ‚Myrrhina‘
1043 1702 1214 1762 testantur.

85 1786 305 1871 Pamphila.
349 1782 516 1848 Pinacium
535 1800 646 1846 rerum
668 1780 760 1862 hujus
783 1780 891 1845 uxoris
912 1800 1029 1847 nomen
1061 1802 1127 1847 non
1148 1801 1220 1848 esse
1243 1783 1316 1848 luco
1338 1782 1455 1848 clarius
1482 1781 1619 1849 Ritschl.
1639 1782 1742 1867 prael.

39 1930 43 1939 .
129 1874 228 1940 Stich.
253 1893 285 1957 p.
306 1870 358 1936 XI
383 1866 632 1934 demonstravit.
675 1866 815 1931 Primum
838 1867 922 1931 enim
946 1868 981 1932 id
1007 1874 1058 1932 est
1083 1887 1184 1933 uxore
1209 1868 1477 1953 indignissimum,
1507 1868 1624 1934 deinde
1646 1889 1742 1953 quum

128 1960 268 2025 dubitari
288 1963 438 2039 nequeat,
461 1954 537 2037 quin
551 1971 646 2019 servo
667 1971 733 2016 non
753 1951 900 2035 Dinaoio,
922 1953 981 2018 sed
999 1953 1135 2019 Pinaoio
1156 1953 1254 2020 luerit
1267 1954 1430 2039 nomon,¹)
1451 1954 1521 2021 fiori
1541 1975 1607 2020 non
1622 1963 1740 2040 potest,

128 2053 163 2110 ut
185 2045 310 2109 mulieri
329 2040 574 2107 honestissimae
597 2037 739 2120 ejusdem
760 2038 891 2103 fabulae
911 2038 996 2104 idem
1011 2059 1128 2105 nomen
1151 2060 1190 2106 aa
1204 2062 1305 2126 puero
1326 2043 1437 2123 luerit,
1456 2048 1653 2126 postremum
1666 2042 1741 2106 eod.

129 2135 159 2196 A
180 2132 206 2195 Ι.
230 2134 260 2195 1.
303 2127 491 2211 Pamphilae
512 2144 630 2190 nomen
656 2130 773 2204 tuetur,
807 2125 894 2207 quod
916 2126 950 2190 in
969 2125 1073 2208 requ.
1098 2125 1175 2192 libb.
1196 2129 1313 2210 ubique
1337 2128 1462 2193 nomini
1482 2128 1618 2194 Pinaoio
1643 2127 1742 2193 cessit

129 2216 170 2300 (Ι.
194 2220 221 2298 l,
245 2218 273 2281 Ι.
288 2217 317 2281 1.
333 2217 363 2296 6,
384 2215 410 2278 1.
426 2215 446 2278 2
462 2211 549 2295 etc).
592 2210 719 2276 Nomen
739 2209 820 2273 illud
840 2217 947 2276 autem
968 2213 1194 2295 prosodiaoam
1214 2233 1395 2279 mensuram
1415 2215 1507 2298 hujus
1528 2214 1600 2298 pari
1613 2213 1740 2279 ratione

130 2310 250 2387 aequat
270 2310 367 2385 atque
389 2319 471 2382 quae
493 2299 573 2363 iuter
598 2295 810 2380 Panegyuidis
832 2303 865 2361 et
1163 2326 1171 2341 .

85 2389 339 2454 Philumenae
375 2386 505 2450 nomina
531 2382 711 2448 intercedit
754 2381 837 2446 Nam
870 2383 957 2466 quod
984 2402 1101 2448 nomen
1131 2404 1234 2468 usque
1259 2385 1301 2450 ad
1328 2384 1540 2451 Bitscholium
1572 2386 1645 2452 edd.
1671 2404 1743 2470 pro·

129 2475 272 2541 tulerunt
293 2472 503 2557 Panegyris,
525 2468 695 2549 meretrici,
715 2487 781 2532 non
795 2476 961 2534 mamonae
984 2476 1102 2553 aptum,
1122 2470 1237 2535 falsam
1259 2471 1433 2537 lectionem
1453 2492 1526 2537 esse
1540 2473 1743 2538 manifestum

128 2568 188 2626 est.
233 2559 398 2626 Subvsrsa
419 2578 460 2623 ea
481 2567 532 2621 est
557 2557 629 2621 cod.
651 2557 682 2619 A
703 2555 907 2637 auctoritato,
930 2555 994 2638 qui,
1024 2556 1086 2621 etsi
1107 2555 1208 2623 Stich.
1235 2557 1278 2621 II.
1301 2558 1336 2636 2;
1358 2558 1389 2624 2.
1413 2558 1446 2640 'l;
1472 2560 1501 2624 1.
1523 2559 1566 2624 92
1587 2579 1615 2624 c.
1638 2558 1742 2641 requ.

128 2646 327 2731 Panegyris}
338 2651 457 2725 serrat,
479 2650 587 2708 mmor
601 2642 627 2706 Ι.
645 2643 673 2706 1.
690 2639 911 2706 Philumenam
932 2647 1091 2726 praestat,
1114 2663 1213 2726 aquo
1228 2643 1412 2709 testimonio
1428 2644 1590 2728 profectus
1605 2642 1743 2710 Ritschl.

127 2732 150 2798 l.
173 2753 201 2798 c.
223 2732 341 2815 ubique
360 2729 581 2795 Philumenam
602 2726 752 2792 restituit.
794 2725 834 2792 In
855 2726 970 2810 quibus
983 2727 1165 2793 nominibus
1185 2727 1391 2809 διυυυευάσευυς
1412 2731 1584 2796 occasione
1605 2730 1742 2796 utrusb

128 2818 319 2884 reducendis
340 2815 464 2902 posteri
486 2814 628 2880 editores
650 2811 861 2879 Ritschelium
882 2821 959 2879 suut
978 2813 1081 2878 secuti
1102 2815 1159 2880 cfr.
1181 2812 1343 2881 Fleckeis.
1365 2815 1472 2882 Plant
1494 2838 1525 2901 p.
1547 2816 1621 2883 233.

85 2904 320 2969 Peristrata.
365 2902 469 2981 Quum
490 2901 589 2966 Mero.
604 2899 652 2964 IV
655 2945 664 2965 .
678 2899 710 2964 5.
727 2900 768 2965 15
790 2899 906 2979 ,Quidl
926 2899 1138 2965 Peristratam
1159 2901 1211 2966 hic
1226 2901 1435 2986 Demiphonis
1457 2904 1603 2969 contuor‘
1626 2912 1660 2968 et
1672 2922 1742 2986 sqq.

128 2990 297 3056 Plautinos
323 3008 437 3054 versus
460 3006 527 3053 non
548 3006 619 3052 esse
652 2983 848 3050 Ritsohelius
871 2985 1013 3067 evicerit,
1047 3006 1129 3051 uxor
1153 2986 1363 3072 Demiphonis
1383 3008 1450 3055 non
1476 2995 1744 3055 commemoratur

128 3076 190 3140 nisi
214 3076 297 3142 1003
317 3076 414 3158 idque
436 3074 506 3139 sine
526 3073 655 3137 nomine
675 3069 818 3155 proprio.
1259 3132 1262 3137 .

85 3161 351 3227 Phanostrata
371 3197 412 3209 -
434 3159 620 3243 Philippa
641 3193 679 3203 -
703 3156 889 3224 Sostrata
911 3157 1190 3240 alubi-orporea
1210 3194 1254 3206 -
1276 3158 1591 3225 Ptolemocratia
1610 3160 1667 3226 cfr.
1683 3163 1744 3220 llo·

128 3247 315 3329 lapoxpo'tqg,
335 3250 575 3327 Πολεμοκρατίας
595 3244 637 3308 de
657 3244 816 3309 brevitate
838 3243 1036 3328 penultimo
1057 3243 1114 3308 cfr.
1136 3242 1267 3310 Irttchm.
1289 3245 1384 3310 [auor.
1399 3245 1466 3311 III.
1488 3246 1561 3312 374.
1583 3267 1615 3330 p.
1640 3246 1712 3312 159.

87 3332 381 3399 Teuximarcha.
412 3333 498 3397 Men.
521 3330 564 3396 V.
586 3330 617 3395 9.
639 3330 691 3395 71.
713 3328 769 3394 Bc
791 3331 986 3412 teuxinaroe,
1012 3330 1042 3395 D
1065 3331 1271 3412 teuximarce,
1296 3331 1323 3395 P
1345 3331 1559 3414 theusinarae,
1584 3331 1610 3397 Z
1630 3332 1746 3415 therei

128 3437 244 3500 marce,
266 3419 360 3500 unde,
389 3439 485 3502 quum
507 3438 525 3482 e
547 3424 581 3482 et
601 3435 640 3480 ae
661 3416 849 3500 saepissime
870 3437 891 3481 a
911 3416 1050 3482 librariis
1072 3425 1302 3500 permutentur,
1321 3416 1397 3500 jure
1418 3417 1557 3502 repetita
1579 3424 1630 3484 est
1650 3418 1747 3503 scrip

127 3511 201 3568 tura
222 3504 487 3570 'l'cuximarohae
532 3502 626 3582 Quod
648 3521 764 3577 nomen
790 3502 926 3567 Plautus
947 3503 1027 3587 ipse,
1054 3501 1114 3567 etsi
1136 3503 1230 3586 mule,
1254 3502 1348 3567 finxit
1372 3523 1415 3570 ex
1435 3502 1566 3582 τεόξνμος
1588 3513 1630 3570 -et
1648 3504 1745 3586 ἄρχειν

128 3590 185 3654 cfr.
207 3590 392 3674 llpiteuxis;
421 3591 478 3656 olr.
496 3586 772 3670 ’Alauda-ocra,
793 3591 1023 3671 hamo-aplos
1044 3587 1099 3653 tll·

87 3674 375 3742 Terentianae:
408 3676 624 3761 Myrrhina,
647 3674 838 3741 Sostrata.

85 3759 350 3827 Nausistrata.
386 3763 545 3827 Muretus:
574 3759 787 3845 ,magnificum
811 3778 930 3823 nomen
952 3779 973 3824 a
992 3758 1094 3843 copiis
1116 3760 1295 3842 navalibus,
1322 3779 1456 3842 quorum
1479 3760 1588 3844 gloria
1607 3759 1743 3845 populus

38 3909 47 3922 .
128 3847 335 3913 Atheniensis
356 3847 530 3931 aliquando
558 3847 689 3913 floruit‘.
732 3846 863 3926 Phorm.
885 3845 927 3910 V.
949 3846 1037 3911 218
1064 3845 1229 3929 Benthjus
1252 3846 1355 3911 edidit
1380 3845 1598 3930 ,Naustratam
1618 3846 1744 3929 neque‘.

128 3932 195 3999 Sed
216 3934 278 3998 etsi
291 3941 380 3998 recte
402 3935 525 4000 monuit
546 3934 752 4000 Naustratom
774 3950 846 3996 esse
868 3931 1003 3996 eandem
1025 3938 1123 4014 atquo
1144 3930 1392 4013 Nausistratam,
1419 3953 1516 4015 quum
1536 3952 1635 4016 saepo
1655 3932 1746 4016 prior

129 4019 378 4104 compositorum
404 4040 479 4103 pars
500 4020 609 4105 plures
635 4020 755 4084 formas
776 4018 937 4099 ostendat,
963 4026 1072 4083 tamen
1098 4037 1163 4083 non
1185 4018 1348 4084 assentior
1367 4018 1503 4096 dicenti:
1534 4018 1680 4102 ,Brerius
1702 4018 1746 4081 di·

129 4105 257 4188 cebant,
279 4105 335 4189 qui
350 4105 549 4171 familiarius‘
571 4125 676 4188 neque
690 4103 847 4188 exempla,
861 4103 951 4168 velut
963 4103 1101 4169 Philotis
1115 4104 1300 4187 Philotium,
1321 4104 1553 4190 Lampadiscus
1567 4104 1744 4188 Lampadio

128 4189 189 4256 huc
207 4189 338 4274 iaciunt,
360 4190 419 4255 scd
441 4198 474 4255 ot
494 4194 597 4254 aNco
612 4199 705 4257 -et
725 4193 857 4256 υΝαυσν
876 4227 920 4237 -
939 4190 1140 4256 descendunt
1158 4190 1298 4273 nomina,
1320 4210 1455 4274 quorum
1475 4211 1550 4275 pars
1572 4190 1676 4256 altera
1695 4196 1746 4255 est

130 4274 242 4341 eadem
275 4278 332 4343 cir.
358 4276 441 4342 liclr
462 4295 493 4359 p.
515 4276 572 4359 605
604 4286 638 4341 et
664 4298 760 4361 quum
782 4296 892 4341 omnes
913 4275 989 4341 libri
1015 4276 1263 4360 ,Phormionem
1290 4277 1356 4343 aut‘
1388 4278 1562 4343 exhibeant
1586 4294 1690 4358 neque
1710 4276 1766 4348 id.

130 4360 345 4443 explicatione
366 4362 520 4446 indigeat,
541 4360 601 4427 illa
622 4370 809 4428 correctura
829 4364 959 4438 omnino
979 4363 1191 4447 improbanda
1212 4371 1273 4430 ost.
1661 4436 1664 4441 ,

85 4442 269 4513 Philtera
294 4448 446 4514 meretrix
467 4468 509 4512 an
531 4455 680 4513 matrona
701 4449 752 4531 sit,
781 4447 928 4532 dignosci
949 4469 1015 4514 non
1035 4456 1155 4533 potest,
1181 4469 1276 4532 quum
1302 4447 1438 4513 nominis
1460 4446 1550 4510 notio
1577 4448 1663 4530 apud
1686 4447 1746 4512 'Pe-

130 4533 266 4597 rentium
287 4535 366 4599 nihil
388 4535 565 4611 discernat;
587 4533 645 4599 cfr.
667 4533 818 4615 demotos
841 4534 896 4599 all.

212 4651 243 4716 2.
286 4651 358 4718 Vir
394 4654 494 4720 ines:

89 4652 236 4820 unciis.
284 4754 328 4820 Ut
348 4675 434 4840 pici
453 4756 627 4839 Saturioni,
655 4756 702 4820 ita
723 4755 810 4822 illias
830 4774 948 4821 nomen
968 4754 1103 4821 latinum
1124 4760 1174 4820 est
1194 4750 1310 4817 suffixo
1329 4772 1450 4839 graeco
1472 4763 1634 4834 ornatum3
1661 4773 1743 4838 quae

87 4875 293 4886 ——-—-—

161 4909 182 4976 ¹)
200 4925 226 4976 p.
247 4907 281 4961 ³2
299 4917 325 4958 et
343 4923 368 4975 p.
388 4909 430 4966 lb.
1622 4991 1640 5045 2
