4358 5812
1171 363 1334 467 7-ιι-.

467 561 525 620 aut
546 555 633 638 quod
647 555 753 619 omnia
767 557 996 638 percontatur‘.
1040 554 1105 620 Sed
1119 559 1264 618 πυθέσθαι
1279 557 1413 640 primam
1428 566 1620 638 eorreptam,
1642 553 1756 627 [labris
1768 555 1957 638 productam
1973 558 2079 640 hahet,

468 648 504 705 ut
525 659 642 705 nomen
663 659 684 704 a
705 644 821 701 Πῡθιι·
840 639 970 723 (Πύθιος
990 639 1112 725 Apollo
1133 643 1187 707 vel
1208 641 1244 702 ul
1264 643 1380 723 Πύθια)
1403 641 1612 706 derivandum
1631 641 1675 706 sit
1694 641 1752 706 afr.
1774 640 1905 708 Bensel.

425 727 543 809 Mida;
565 745 682 791 nomen
701 726 854 810 imprimis
876 725 909 790 in
931 726 1074 810 Phrygia
1096 730 1247 794 usitatum
1268 747 1364 792 servo
1384 727 1528 811 Phrygio
1550 728 1685 792 inditum
1705 734 1765 793 est

425 812 596 896 Phrygia
618 847 661 857 -
683 811 777 877 Geta
804 850 837 859 —
863 811 980 897 Syrus
1002 849 1042 861 ·-

426 897 592 981 Soirtns;
614 897 661 962 ita
681 897 763 964 Hee.
784 896 883 980 s0P3
917 908 1026 982 seyrte
1050 898 1118 980 ou,
1152 906 1238 984 syrte
1259 899 1296 979 F,
1329 918 1401 982 syre
1423 899 1462 963 B.
1488 898 1572 964 Don.
1617 898 1683 964 Sed
1702 896 1849 962 Donatus
1872 899 1942 982 ipsa
1964 917 2080 964 nomen

467 1003 580 1135 vlrlmd
599 981 927 1133 explipratilssbeirlt‘ns:
952 984 1107 1135 otgnlvefflt
1128 1005 1243 1050 nomen
1266 1003 1360 1049 servo
1383 1004 1483 1067 puero
1507 985 1587 1064 παρά
1601 985 1634 1045 το·
1648 986 1772 1065 σκιρτᾶν,
1788 985 1875 1066 qnod
1896 991 1947 1049 est
1960 985 2080 1069 gestire

469 1088 728 1135 euerso.
779 1089 894 1134 ose.
938 1091 957 1134 a
994 1089 1111 1137 ο..

426 1154 642 1239 Sophrona;
668 1175 698 1235 ,a
718 1091 936 1238 temperantia?
958 1176 1145 1240 morumque
1171 1156 1383 1241 frugalitate‘;
1414 1174 1454 1220 ea
1486 1161 1537 1221 est
1564 1155 1670 1220 nutrix
1696 1156 1752 1220 afr.
1780 1154 1942 1221 Canthara
1971 1175 2002 1238 p.
2028 1151 2079 1220 25.

423 1241 583 1325 storax,
605 1240 799 1305 Benselerus
821 1261 939 1306 nomen
957 1243 999 1305 ad
1021 1240 1166 1325 στύραξι
1188 1262 1217 1308 e.
1237 1241 1383 1324 σαυρωτήρ
1405 1241 1528 1306 retulit:
1550 1239 1673 1326 ,Spita‘3
1695 1242 1859 1321 Donatus,
1873 1240 2016 1305 Muretus
2038 1239 2081 1305 ad

468 1325 574 1408 σιιὶραξ
592 1327 615 1392 i.
637 1346 666 1391 e.
690 1328 772 1408 thus,
794 1334 829 1391 nt
848 1346 907 1410 per
926 1327 1128 1411 antiphrasin
1149 1347 1260 1393 servus
1282 1327 1387 1393 olidus
1408 1328 1589 1392 nominatus
1607 1327 1660 1409 sit,
1682 1346 1765 1408 ,eum
1782 1327 1918 1411 styracis
1937 1326 2021 1390 odor
2038 1327 2081 1390 sit

462 1413 567 1497 *longe
588 1412 753 1496 optimus‘;
775 1414 836 1478 hoo
857 1415 972 1497 probo.
1018 1413 1068 1478 De
1090 1416 1227 1479 transitu
1247 1433 1386 1498 graecae
1407 1413 1531 1478 vocalis
1554 1416 1589 1495 ,o‘
1615 1414 1649 1477 in
1672 1414 1712 1493 ,o‘
1735 1419 1811 1478 ente
1831 1432 1970 1495 sequens
1992 1413 2079 1478 reir.

470 1497 577 1563 Coras.
599 1498 633 1562 11
654 1518 686 1582 p.
707 1497 748 1564 74
770 1507 848 1578 not,
870 1518 901 1582 p.
924 1499 964 1564 81
988 1516 1060 1583 sqq.

1176 1659 1246 1735 cap.
1268 1656 1322 1719 1v.

1018 1781 1066 1850 De
1091 1778 1283 1849 nominibus
1309 1785 1486 1850 terrarum.

509 1910 654 1990 Plautus,
678 1917 713 1973 ut
734 1911 977 1975 admirationem
998 1917 1152 1986 moveret,
1181 1909 1261 1975 loeis
1287 1909 1541 1992 hominibusque,
1567 1911 1622 1975 ubi
1649 1918 1682 1975 et
1706 1931 1727 1975 a
1751 1910 1865 1993 quibus
1890 1926 1943 1976 res
1969 1912 2080 1993 gestas

424 2016 497 2063 esse
519 1997 618 2061 tradit
640 1995 805 2078 ejusmodi,
829 1996 942 2079 quibus
965 2016 1007 2060 ne
1027 1996 1234 2061 stultissimus
1256 1996 1385 2078 quidem
1406 1996 1501 2061 tidem
1524 1997 1651 2077 habeat,
1673 1996 1803 2061 nomina
1822 1995 1967 2077 inaudita
1984 1995 2082 2078 impo
2118 2002 2119 2006 ’

424 2083 497 2149 suit.
541 2081 657 2161 Qualia
678 2082 819 2163 uomina,
840 2101 923 2164 qnae
944 2083 979 2147 in
1001 2090 1125 2166 tempus
1148 2089 1243 2146 erant
1264 2081 1447 2163 eonfieta,¹l
1467 2088 1564 2164 poeta
1588 2101 1627 2147 ea
1649 2090 1718 2149 arte
1744 2081 1924 2162 fabricarit,
1946 2087 1983 2145 ιιι
2003 2080 2084 2144 veri·

424 2170 500 2235 tatis
523 2167 664 2252 aliquam
684 2169 825 2251 speeiem
845 2168 1003 2233 haberent
1024 2176 1058 2233 et
1077 2168 1149 2232 soni
1168 2168 1296 2250 quidem
1318 2167 1525 2232 similitudine
1546 2166 1667 2251 aliquid
1681 2169 1709 2233 si
1756 2166 1863 2233 ‘heare
1884 2167 2081 2246 viderentur,

423 2256 470 2321 ita
491 2262 527 2319 ut
546 2253 692 2319 veritatis
714 2253 822 2336 speeie
844 2254 1018 2319 mendaoiis
1040 2253 1121 2319 fides
1148 2253 1383 2319 consiliaretur.
1426 2245 1568 2331 Quo'rum
1592 2254 1695 2319 vocab
1731 2274 1822 2318 orum
1845 2259 1880 2317 ut
1907 2252 2080 2337 originatio

424 2349 458 2408 et
478 2347 568 2406 reeta
586 2341 691 2404 forma
704 2339 896 2420 inveniatur,
917 2360 983 2405 non
1001 2360 1053 2404 res
1074 2341 1157 2424 ipsa,
1180 2359 1264 2423 quae
1285 2338 1374 2404 nulla
1397 2351 1455 2420 est,
1478 2339 1536 2404 sed
1550 2340 1598 2404 rei
1618 2339 1754 2424 speeies,
1775 2338 1880 2404 inanis
1895 2338 1951 2402 ille
1972 2357 2080 2418 sonus,

420 2447 488 2578 quo
510 2425 624 2490 tallere
646 2432 744 2509 poeta
768 2424 878 2507 voluit,
905 2426 1118 2509 exquirendus
1140 2435 1200 2491 eet.
1243 2425 1318 2491 Hae
1339 2433 1487 2509 spectant
1507 2425 1637 2490 nomina
1657 2424 1724 2506 illa,
1747 2446 1830 2509 quae
1853 2423 1945 2491 cure.
1968 2424 2028 2490 ΙΠ.
2054 2426 2081 2489 1.

444 2515 466 2578 4
486 2532 556 2595 sqq.
577 2512 662 2575 veris
685 2512 779 2576 terris
793 2518 828 2575 et
847 2512 1042 2593 nationibus,
1064 2512 1119 2576 ubi
1134 2511 1437 2596 Therapontigonus
1453 2510 1622 2595 praeclara
1641 2512 1787 2576 facinora
1800 2510 2006 2595 perpetravit,
2030 2510 2082 2574 ad·

424 2599 494 2664 dita
515 2605 598 2677 eunt,
621 2597 743 2662 comice
765 2596 841 2662 fieta
863 2598 1104 2682 eoque-aptius,
1128 2598 1215 2680 quod
1238 2598 1322 2662 edax
1342 2599 1503 2681 parasitus
1525 2616 1565 2662 ea
1585 2598 1722 2682 profert:
1745 2597 1940 2679 ,Peredia‘,
1963 2595 2083 2676 ,Bibe-

424 2684 504 2765 sia‘,
531 2682 893 2764 Centauromachia,
923 2684 1080 2749 Classia
1099 2684 1373 2764 Unomammia,
1402 2682 1726 2749 Conterebromia.
1771 2684 1917 2748 Venusto
1934 2701 2025 2763 sane,
2046 2688 2082 2745 nt

422 2770 504 2835 nihil
525 2788 637 2852 supra,
658 2768 860 2834 Perediam
882 2769 1089 2850 ,Essemeieh‘
1112 2778 1146 2835 et
1165 2769 1362 2834 Bibesiam
1384 2768 1656 2849 ,Sauffonenland‘
1675 2777 1776 2855 poeta
1788 2776 1824 2832 nt
1845 2767 2081 2854 provinciarum

423 2856 554 2922 nomina
576 2861 772 2919 commentus
795 2862 853 2934 est,
875 2855 923 2919 ita
942 2866 978 2921 ut
998 2857 1087 2940 prius
1107 2855 1265 2920 Perediae
1287 2874 1403 2920 nomen
1424 2855 1545 2920 referat
1566 2863 1602 2920 et
1620 2875 1696 2921 esea
1714 2862 1823 2921 tamen
1844 2854 1992 2920 eomitem
2009 2872 2082 2917 eon·

424 2944 513 3008 tinuo
535 2941 709 3024 potionem,
732 2960 815 3023 quae
836 2940 987 3007 Bibasiae
1009 2943 1137 3007 nomine
1159 2941 1355 3026 exprimitur,
1377 2943 1531 3025 attrahat
1558 2941 1642 3006 siam
1661 2941 1780 3007 Festus
1792 2942 1875 3023 J'amr
1901 2938 2081 3021 ,Perediam

424 3035 458 3093 et
478 3027 639 3092 Bibesiam
660 3026 795 3091 Plautus
816 3047 913 3110 qaum
935 3028 1062 3108 dixerit,
1089 3027 1229 3112 intelligi
1256 3026 1358 3091 voluit
1378 3048 1417 3091 eu
1439 3026 1585 3093 iditatem
1612 3028 1727 3092 edendi
1749 3033 1783 3092 et
1804 3026 1954 3106 bibendi‘,
1998 3023 2081 3102 Quin

424 3113 522 3179 etiam
551 3111 911 3178 Centauromaohia
939 3115 996 3178 cfr.
1023 3113 1110 3178 Plnt.
1138 3114 1235 3179 Thes.
1262 3113 1314 3177 29.
1331 3113 1390 3196 joe
1426 3114 1525 3178 ariter
1549 3113 1601 3178 hie
1623 3120 1741 3179 terram
1769 3109 2083 3195 ,Oenmurenlrampf-
2156 3149 2158 3152 >

423 3200 511 3282 land,
532 3199 671 3264 fortasse
694 3198 905 3280 Thessaliam,
929 3199 1018 3283 oqjus
1041 3199 1117 3264 olim
1133 3207 1257 3282 partem
1272 3200 1414 3264 tenuisse
1430 3206 1601 3264 centauros
1615 3199 1814 3265 notissimum
1828 3205 1889 3278 est,
1910 3195 2081 3280 signifieat

425 3284 577 3350 Classis
599 3304 676 3348 vero
699 3283 960 3350 Unomammia
980 3284 1083 3370 figura
1107 3286 1230 3350 eomiea
1252 3293 1286 3350 et
1304 3284 1434 3350 fictione
1457 3287 1631 3350 exereitum
1653 3286 1705 3350 vel
1727 3285 1832 3368 potius
1852 3293 1970 3349 terram
1989 3285 2083 3348 Ame-

419 3390 537 3436 ¹nonum
554 3369 951 3451 ,Amazonenheeresland‘
963 3370 1134 3455 signifieat,
1151 3391 1222 3436 oum
1237 3371 1359 3452 elassis,
1377 3390 1436 3455 pro
1454 3391 1518 3454 quo
1533 3371 1661 3436 nomine
1676 3370 1843 3455 regionum
1857 3368 2081 3435 terminatione

419 3500 423 3506 -
447 3463 523 3521 osta
535 3455 681 3537 ,Classia‘
694 3455 786 3537 dixit,
797 3463 833 3520 ut
843 3464 951 3522 terrae
962 3457 1125 3540 enjusdam
1136 3458 1243 3541 speeie
1254 3457 1435 3522 accuratius
1445 3477 1558 3523 vooem
1568 3458 1724 3538 indueret,
1734 3457 1911 3521 exereitum
1923 3455 2081 3537 deelaret;

424 3478 649 3608 fluomammia
669 3549 775 3607 autem
797 3541 876 3606 nihil
895 3541 984 3608 aliud
1005 3543 1066 3608 nisi
1088 3543 1195 3609 versio
1217 3544 1308 3609 voeis
1326 3540 1466 3620 Ἀμαζώι
1485 3550 1545 3624 est,
1568 3563 1662 3626 qnam
1683 3551 1811 3608 veteres
1830 3562 1870 3606 ex
1892 3565 1912 3602 a
1933 3548 1967 3606 st
1990 3538 2083 3620 μαζός

426 3635 576 3695 οοιιιιιιιιο
598 3628 847 3709 arbitrabantur,
869 3649 964 3712 quum
986 3632 1167 3695 Amazones
1188 3631 1383 3694 ferramento
1406 3629 1565 3695 candente
1579 3628 1820 3694 alteramutram
1839 3648 2006 3693 mammam
2020 3626 2082 3691 sibi

426 3713 599 3794 adussisse,
621 3721 657 3777 ut
678 3734 742 3777 una
763 3721 887 3779 tantum
908 3715 1034 3799 reliqua
1056 3724 1151 3796 esset,
1173 3716 1391 3781 crederentur.
1420 3715 1643 3781 Unomammia
1665 3723 1771 3779 autem
1792 3716 1833 3795 ,o‘
1854 3734 1913 3799 pro
1936 3714 1977 3795 ,i‘,
1999 3731 2082 3796 qnae

424 3799 576 3865 usitatior
596 3798 719 3863 vocalis
742 3808 801 3881 est,
827 3801 968 3881 retinuit,
994 3801 1078 3866 sieut
1099 3801 1327 3868 mulomedieus
1353 3801 1408 3867 ali.
1423 3801 1480 3867 afr.
1503 3802 1606 3870 Corsa.
1627 3800 1713 3883 Hp.
1734 3800 1796 3866 318
1819 3799 1894 3864 ooll.
1916 3801 1933 3865 I
1953 3820 1984 3884 p.
2007 3798 2080 3862 702.

424 3887 468 3952 at
490 3885 698 3969 ,Libyamque
724 3904 814 3950 oram
835 3906 961 3951 omnem
985 3886 1352 3953 Conterebromiam‘
1381 3907 1476 3969 qnam
1502 3886 1589 3968 dicit,
1615 3886 1748 3968 joeatnr
1769 3895 1891 3952 novata
1916 3903 2007 3963 voce,
2040 3902 2082 3947 ex

426 3971 616 4055 ,conterere‘
639 3977 672 4034 et
692 3968 871 4051 ,Bromius‘,
899 3973 1019 4037 Baeehi
1047 3974 1248 4059 eognomine‚
1272 3973 1372 4055 faeta3
1405 3990 1469 4055 qno
1490 3991 1556 4037 non
1576 3970 1665 4036 illam
1686 3978 1805 4037 terram
1826 3991 1961 4051 omnem,
1987 3988 2082 4052 quam

425 4058 525 4123 Liber
551 4055 693 4122 exereitn
719 4074 779 4120 suo
806 4056 959 4123 lustravit
985 4078 1143 4143 quamque
1176 4059 1325 4124 obeundo
1352 4056 1509 4122 contritus
1535 4064 1570 4121 et
1589 4057 1742 4142 nugatus
1766 4066 1825 4140 est,
1857 4057 1959 4122 minus
1985 4055 2081 4120 etiam

424 4149 543 4209 terram
567 4163 587 4207 a
608 4141 739 4206 Bromio
763 4142 944 4224 contritam,
967 4145 1035 4225 sed,
1058 4146 1091 4209 id
1111 4145 1197 4228 qnod
1212 4144 1370 4209 Gruterus
1391 4144 1513 4225 statuit,
1534 4143 1668 4227 Libyam
1683 4143 1772 4210 illam
1787 4140 1977 4227 designarit,
1999 4161 2083 4224 qnae

425 4230 491 4293 vini
511 4230 602 4295 ferax
623 4236 682 4310 est,
701 4245 836 4311 eamque
855 4227 931 4292 ideo
961 4229 1259 4296 Conterebromiam
1284 4229 1423 4311 vocavit,
1452 4229 1540 4312 quod
1564 4229 1728 4295 Bromium
1754 4231 1775 4295 i.
1800 4249 1829 4294 a.
1854 4246 1943 4308 urae,
1975 4227 2083 4291 vinnm

425 4318 625 4381 oonterebat.
651 4349 685 4360 -
709 4314 790 4378 Item
813 4314 854 4378 ad
879 4314 979 4379 risum
1000 4317 1193 4382 movendum
1212 4313 1321 4380 fiotum
1343 4322 1394 4381 est
1413 4335 1529 4381 nomen
1549 4315 1617 4381 Mil.
1639 4316 1665 4381 Ι.
1689 4317 1717 4381 1.
1741 4315 1790 4396 13,
1812 4313 1899 4395 quod
1924 4313 1957 4377 in
1987 4313 2081 4379 oodd.

427 4406 491 4464 est:
503 4399 837 4467 Curouslisdonis.
856 4400 950 4478 Quod
962 4420 1057 4484 quum
1070 4401 1225 4485 explicari
1236 4410 1388 4484 nequeat,
1400 4402 1473 4468 edd.
1484 4401 1876 4486 pmbabiliteroommenta
1890 4399 2082 4465 substituere

426 4486 535 4550 eonati
557 4496 639 4568 sunt,
663 4486 719 4550 alii
740 4505 852 4551 vocem
879 4487 922 4552 ad
943 4485 1109 4569 luxuriam,
1137 4485 1193 4552 alii
1220 4488 1262 4552 ad
1287 4495 1444 4553 terrorem
1468 4495 1642 4553 vertentes.
1689 4484 1891 4553 Camerarius
1914 4484 2084 4569 proposuit

427 4571 699 4654 Gurgustidouiis,
722 4573 810 4654 quod
831 4574 904 4639 edd.
927 4573 1051 4657 posteri
1072 4580 1274 4657 receperunt,
1300 4594 1332 4654 ,a
1356 4573 1531 4659 gurgustiis
1559 4571 1593 4655 (i.
1621 4591 1649 4638 e.
1677 4569 1812 4635 humiles
1837 4571 2002 4652 tahemae,
2028 4568 2084 4634 ubi

426 4656 552 4722 versari
566 4663 659 4739 turpe
679 4658 762 4740 erat)
783 4658 888 4724 forma
905 4658 1030 4744 gentili,
1052 4668 1088 4725 ιιι
1110 4658 1345 4726 Chalcedonius
1366 4659 1433 4726 all‘.
1478 4659 1572 4738 Quod
1592 4676 1709 4723 nomen
1730 4675 1920 4740 quamquam
1938 4656 2083 4740 proxima

426 4742 469 4808 ad
491 4741 581 4807 librr.
602 4743 792 4824 scripturam
814 4746 949 4827 moedit,
972 4755 1082 4812 mmen
1104 4753 1137 4812 et
1156 4744 1393 4830 significatione
1413 4781 1456 4794 —
1476 4745 1553 4828 qnid
1574 4743 1658 4809 enim
1678 4742 1742 4807 sibi
1755 4741 1825 4807 vult
1840 4741 1900 4808 illa
1912 4761 2083 4827 parvarum

426 4848 575 4895 omarum
597 4830 880 4896 commemoratio?
907 4840 1002 4897 —et
1026 4832 1131 4898 forma
1155 4852 1267 4917 parum
1294 4833 1543 4911 commendetur,
1576 4847 1672 4910 quum
1696 4827 1986 4914 Gurgusti-donius
2013 4848 2084 4893 oum

499 4965 521 5033 ¹)
539 4961 827 5032 etr.1¹erriereptdinae
845 4965 944 5019 insulae
962 4968 1025 5020 Asin
1039 4971 1059 5023 1.
1079 4969 1104 5025 l.
1121 4968 1222 5082 216111.
