<?xml version="1.0" encoding="UTF-8"?>
<!DOCTYPE html PUBLIC "-//W3C//DTD XHTML 1.0 Transitional//EN"
    "http://www.w3.org/TR/xhtml1/DTD/xhtml1-transitional.dtd">
<html xmlns="http://www.w3.org/1999/xhtml" xml:lang="en" lang="en">
 <head>
  <title>
</title>
<meta http-equiv="Content-Type" content="text/html;charset=utf-8" />
  <meta name='ocr-system' content='tesseract 3.04.00' />
  <meta name='ocr-capabilities' content='ocr_page ocr_carea ocr_par ocr_line ocrx_word'/>
</head>
<body>
  <div class='ocr_page' id='page_1' title='image "./denominibusprop00koengoog_0016.png"; bbox 0 0 4358 5812; ppageno 0'>
   <div class='ocr_carea' id='block_1_1' title="bbox 1000 294 1166 356">
    <p class='ocr_par' dir='ltr' id='par_1_1' title="bbox 1000 294 1166 356">
     <span class='ocr_line' id='line_1_1' title="bbox 1000 294 1166 356; baseline 0.006 -18"><span class='ocrx_word' id='word_1_1' title='bbox 1000 294 1166 356; x_wconf 67' lang='lat'><strong>,11-</strong></span> 
     </span>
    </p>
   </div>
   <div class='ocr_carea' id='block_1_2' title="bbox 236 480 2024 4614">
    <p class='ocr_par' dir='ltr' id='par_1_2' title="bbox 236 480 2024 4614">
     <span class='ocr_line' id='line_1_2' title="bbox 300 480 1916 569; baseline 0.001 -18"><span class='ocrx_word' id='word_1_2' title='bbox 300 483 418 551; x_wconf 71' lang='lat' dir='ltr'>medus</span> <span class='ocrx_word' id='word_1_3' title='bbox 445 490 479 549; x_wconf 90' lang='lat' dir='ltr'>et</span> <span class='ocrx_word' id='word_1_4' title='bbox 497 482 538 547; x_wconf 83' lang='lat' dir='ltr'>hi</span> <span class='ocrx_word' id='word_1_5' title='bbox 576 481 625 548; x_wconf 92' lang='lat' dir='ltr'>ius</span> <span class='ocrx_word' id='word_1_6' title='bbox 646 483 880 549; x_wconf 89' lang='lat' dir='ltr'>contenderunt</span> <span class='ocrx_word' id='word_1_7' title='bbox 909 482 1077 566; x_wconf 89' lang='lat' dir='ltr'>proposita</span> <span class='ocrx_word' id='word_1_8' title='bbox 1096 480 1238 546; x_wconf 88' lang='lat' dir='ltr'>lectione</span> <span class='ocrx_word' id='word_1_9' title='bbox 1264 480 1459 547; x_wconf 74' lang='lat' dir='ltr'><strong>Antidamae</strong></span> <span class='ocrx_word' id='word_1_10' title='bbox 1486 481 1656 548; x_wconf 88' lang='lat' dir='ltr'>Demarchi</span> <span class='ocrx_word' id='word_1_11' title='bbox 1684 483 1758 548; x_wconf 90' lang='lat' dir='ltr'>coll.</span> <span class='ocrx_word' id='word_1_12' title='bbox 1786 505 1817 550; x_wconf 89' lang='lat' dir='ltr'>v.</span> <span class='ocrx_word' id='word_1_13' title='bbox 1840 486 1916 569; x_wconf 83' lang='lat'>100,</span> 
     </span>
     <span class='ocr_line' id='line_1_3' title="bbox 299 565 1912 654; baseline 0.001 -18"><span class='ocrx_word' id='word_1_14' title='bbox 299 577 336 636; x_wconf 90' lang='lat' dir='ltr'>ut</span> <span class='ocrx_word' id='word_1_15' title='bbox 356 572 520 654; x_wconf 86' lang='lat' dir='ltr'>Agorasto</span> <span class='ocrx_word' id='word_1_16' title='bbox 532 592 539 611; x_wconf 91' lang='lat'><strong>·</strong></span> <span class='ocrx_word' id='word_1_17' title='bbox 553 589 589 634; x_wconf 88' lang='lat' dir='ltr'>es</span> <span class='ocrx_word' id='word_1_18' title='bbox 610 567 694 633; x_wconf 89' lang='lat' dir='ltr'>filins</span> <span class='ocrx_word' id='word_1_19' title='bbox 708 568 911 648; x_wconf 85' lang='lat' dir='ltr'>Antidamae,</span> <span class='ocrx_word' id='word_1_20' title='bbox 933 566 1104 634; x_wconf 87' lang='lat' dir='ltr'>Demarchi</span> <span class='ocrx_word' id='word_1_21' title='bbox 1117 566 1185 648; x_wconf 88' lang='lat' dir='ltr'>filii,</span> <span class='ocrx_word' id='word_1_22' title='bbox 1207 567 1346 647; x_wconf 83' lang='lat' dir='ltr'>dicatur3</span> <span class='ocrx_word' id='word_1_23' title='bbox 1371 565 1458 632; x_wconf 90' lang='lat' dir='ltr'>aliud</span> <span class='ocrx_word' id='word_1_24' title='bbox 1474 567 1632 652; x_wconf 89' lang='lat' dir='ltr'>ejusmodi</span> <span class='ocrx_word' id='word_1_25' title='bbox 1652 569 1833 654; x_wconf 82' lang='lat' dir='ltr'>exemplum</span> <span class='ocrx_word' id='word_1_26' title='bbox 1846 593 1912 637; x_wconf 93' lang='lat' dir='ltr'>non</span> 
     </span>
     <span class='ocr_line' id='line_1_4' title="bbox 300 653 1915 755; baseline 0 -32"><span class='ocrx_word' id='word_1_27' title='bbox 300 663 416 723; x_wconf 82' lang='lat' dir='ltr'>exstat</span> <span class='ocrx_word' id='word_1_28' title='bbox 460 654 528 721; x_wconf 89' lang='lat' dir='ltr'>Alii</span> <span class='ocrx_word' id='word_1_29' title='bbox 549 655 645 721; x_wconf 88' lang='lat' dir='ltr'>aliter</span> <span class='ocrx_word' id='word_1_30' title='bbox 669 654 833 738; x_wconf 79' lang='lat' dir='ltr'>corrigere</span> <span class='ocrx_word' id='word_1_31' title='bbox 860 654 931 719; x_wconf 85' lang='lat' dir='ltr'>ausi</span> <span class='ocrx_word' id='word_1_32' title='bbox 949 661 1037 755; x_wconf 54' lang='lat' dir='ltr'>sunt,</span> <span class='ocrx_word' id='word_1_33' title='bbox 1063 674 1104 719; x_wconf 83' lang='lat' dir='ltr'>ex</span> <span class='ocrx_word' id='word_1_34' title='bbox 1131 653 1243 736; x_wconf 89' lang='lat' dir='ltr'>quibus</span> <span class='ocrx_word' id='word_1_35' title='bbox 1271 671 1538 718; x_wconf 79' lang='lat' dir='ltr'>commemorasse</span> <span class='ocrx_word' id='word_1_36' title='bbox 1565 653 1704 720; x_wconf 85' lang='lat' dir='ltr'>sufficiat</span> <span class='ocrx_word' id='word_1_37' title='bbox 1730 656 1915 723; x_wconf 90' lang='lat' dir='ltr'>Aeidalinm</span> 
     </span>
     <span class='ocr_line' id='line_1_5' title="bbox 301 738 1912 827; baseline 0 -18"><span class='ocrx_word' id='word_1_38' title='bbox 301 751 346 827; x_wconf 88' lang='lat' dir='ltr'>,tu</span> <span class='ocrx_word' id='word_1_39' title='bbox 367 743 561 808; x_wconf 83' lang='lat' dir='ltr'>Antidamae</span> <span class='ocrx_word' id='word_1_40' title='bbox 586 742 638 807; x_wconf 91' lang='lat' dir='ltr'>hic</span> <span class='ocrx_word' id='word_1_41' title='bbox 660 742 799 823; x_wconf 87' lang='lat' dir='ltr'>quaeris‘</span> <span class='ocrx_word' id='word_1_42' title='bbox 825 748 859 806; x_wconf 89' lang='lat' dir='ltr'>et</span> <span class='ocrx_word' id='word_1_43' title='bbox 879 739 1090 805; x_wconf 86' lang='lat' dir='ltr'>Ritschelrum</span> <span class='ocrx_word' id='word_1_44' title='bbox 1113 738 1190 804; x_wconf 92' lang='lat' dir='ltr'>olim</span> <span class='ocrx_word' id='word_1_45' title='bbox 1214 758 1383 823; x_wconf 83' lang='lat' dir='ltr'>perperam</span> <span class='ocrx_word' id='word_1_46' title='bbox 1410 739 1659 818; x_wconf 88' lang='lat' dir='ltr'>,Antidamatae‘</span> <span class='ocrx_word' id='word_1_47' title='bbox 1684 741 1760 806; x_wconf 92' lang='lat' dir='ltr'>coll.</span> <span class='ocrx_word' id='word_1_48' title='bbox 1782 745 1912 809; x_wconf 85' lang='lat' dir='ltr'>nomine</span> 
     </span>
     <span class='ocr_line' id='line_1_6' title="bbox 301 824 1917 913; baseline 0 -18"><span class='ocrx_word' id='word_1_49' title='bbox 301 828 561 913; x_wconf 78' lang='lat' dir='ltr'>,Callidamates‘,</span> <span class='ocrx_word' id='word_1_50' title='bbox 577 848 661 892; x_wconf 91' lang='lat' dir='ltr'>nunc</span> <span class='ocrx_word' id='word_1_51' title='bbox 674 835 763 893; x_wconf 91' lang='lat' dir='ltr'>recte</span> <span class='ocrx_word' id='word_1_52' title='bbox 778 826 982 908; x_wconf 82' lang='lat' dir='ltr'>,Antidamai‘</span> <span class='ocrx_word' id='word_1_53' title='bbox 1002 824 1209 909; x_wconf 88' lang='lat' dir='ltr'>legentem.¹)</span> <span class='ocrx_word' id='word_1_54' title='bbox 1253 824 1542 905; x_wconf 87' lang='lat' dir='ltr'>,Antidamarchua‘</span> <span class='ocrx_word' id='word_1_55' title='bbox 1558 828 1810 911; x_wconf 86' lang='lat' dir='ltr'>comparandum</span> <span class='ocrx_word' id='word_1_56' title='bbox 1825 837 1917 895; x_wconf 86' lang='lat' dir='ltr'>esset.</span> 
     </span>
     <span class='ocr_line' id='line_1_7' title="bbox 301 910 1910 1000; baseline 0 -19"><span class='ocrx_word' id='word_1_57' title='bbox 301 936 371 981; x_wconf 89' lang='lat' dir='ltr'>cum</span> <span class='ocrx_word' id='word_1_58' title='bbox 392 915 620 996; x_wconf 84' lang='lat' dir='ltr'>,Anti-demns‘</span> <span class='ocrx_word' id='word_1_59' title='bbox 641 922 675 979; x_wconf 91' lang='lat' dir='ltr'>et</span> <span class='ocrx_word' id='word_1_60' title='bbox 696 913 924 996; x_wconf 87' lang='lat' dir='ltr'>,Demarchus‘.</span> <span class='ocrx_word' id='word_1_61' title='bbox 947 912 1091 994; x_wconf 80' lang='lat' dir='ltr'>Boetius,</span> <span class='ocrx_word' id='word_1_62' title='bbox 1113 932 1209 995; x_wconf 90' lang='lat' dir='ltr'>quum</span> <span class='ocrx_word' id='word_1_63' title='bbox 1230 910 1264 974; x_wconf 93' lang='lat' dir='ltr'>in</span> <span class='ocrx_word' id='word_1_64' title='bbox 1278 910 1430 975; x_wconf 84' lang='lat' dir='ltr'>versione</span> <span class='ocrx_word' id='word_1_65' title='bbox 1452 911 1664 991; x_wconf 87' lang='lat' dir='ltr'>‚Antidamas‘</span> <span class='ocrx_word' id='word_1_66' title='bbox 1686 922 1803 996; x_wconf 91' lang='lat' dir='ltr'>servet,</span> <span class='ocrx_word' id='word_1_67' title='bbox 1828 917 1910 1000; x_wconf 90' lang='lat' dir='ltr'>Opp.</span> 
     </span>
     <span class='ocr_line' id='line_1_8' title="bbox 300 998 1450 1087; baseline -0.007 -19"><span class='ocrx_word' id='word_1_68' title='bbox 300 1023 331 1087; x_wconf 91' lang='lat' dir='ltr'>p.</span> <span class='ocrx_word' id='word_1_69' title='bbox 354 1002 416 1068; x_wconf 70' lang='lat'>307</span> <span class='ocrx_word' id='word_1_70' title='bbox 438 1001 507 1066; x_wconf 89' lang='lat' dir='ltr'>eine</span> <span class='ocrx_word' id='word_1_71' title='bbox 528 1001 626 1066; x_wconf 92' lang='lat' dir='ltr'>dubio</span> <span class='ocrx_word' id='word_1_72' title='bbox 649 999 765 1066; x_wconf 69' lang='lat' dir='ltr'>calam</span> <span class='ocrx_word' id='word_1_73' title='bbox 783 998 865 1064; x_wconf 86' lang='lat' dir='ltr'>vitie</span> <span class='ocrx_word' id='word_1_74' title='bbox 882 998 1189 1080; x_wconf 86' lang='lat' dir='ltr'>,Archidamantem‘</span> <span class='ocrx_word' id='word_1_75' title='bbox 1212 1003 1450 1061; x_wconf 88' lang='lat' dir='ltr'>commemorat.</span> 
     </span>
     <span class='ocr_line' id='line_1_9' title="bbox 256 1082 1491 1171; baseline -0.007 -15"><span class='ocrx_word' id='word_1_76' title='bbox 256 1088 511 1156; x_wconf 75' lang='lat' dir='ltr'>Antimachus</span> <span class='ocrx_word' id='word_1_77' title='bbox 532 1123 574 1132; x_wconf 92' lang='lat'>-</span> <span class='ocrx_word' id='word_1_78' title='bbox 595 1087 765 1171; x_wconf 89' lang='lat' dir='ltr'>Antipho</span> <span class='ocrx_word' id='word_1_79' title='bbox 787 1120 828 1132; x_wconf 88' lang='grc'>--</span> <span class='ocrx_word' id='word_1_80' title='bbox 849 1084 1164 1151; x_wconf 87' lang='lat' dir='ltr'>Archidemus-</span> <span class='ocrx_word' id='word_1_81' title='bbox 1186 1082 1491 1147; x_wconf 78' lang='lat' dir='ltr'>Archidemides</span> 
     </span>
     <span class='ocr_line' id='line_1_10' title="bbox 256 1168 1909 1259; baseline -0.001 -19"><span class='ocrx_word' id='word_1_82' title='bbox 256 1173 481 1259; x_wconf 80' lang='lat' dir='ltr'>Apoecides</span> <span class='ocrx_word' id='word_1_83' title='bbox 503 1174 559 1239; x_wconf 87' lang='lat' dir='ltr'>cfr.</span> <span class='ocrx_word' id='word_1_84' title='bbox 575 1173 753 1245; x_wconf 75' lang='grc' dir='ltr'>Ἀπ-οικος.</span> <span class='ocrx_word' id='word_1_85' title='bbox 796 1171 847 1236; x_wconf 89' lang='lat' dir='ltr'>De</span> <span class='ocrx_word' id='word_1_86' title='bbox 867 1171 1113 1256; x_wconf 84' lang='lat' dir='ltr'>andronymieis,</span> <span class='ocrx_word' id='word_1_87' title='bbox 1136 1187 1220 1253; x_wconf 88' lang='lat' dir='ltr'>quae</span> <span class='ocrx_word' id='word_1_88' title='bbox 1239 1168 1369 1251; x_wconf 91' lang='lat' dir='ltr'>proprie</span> <span class='ocrx_word' id='word_1_89' title='bbox 1390 1176 1465 1234; x_wconf 85' lang='lat' dir='ltr'>sunt</span> <span class='ocrx_word' id='word_1_90' title='bbox 1484 1175 1602 1251; x_wconf 89' lang='lat' dir='ltr'>patron</span> <span class='ocrx_word' id='word_1_91' title='bbox 1624 1169 1707 1234; x_wconf 91' lang='lat' dir='ltr'>mica</span> <span class='ocrx_word' id='word_1_92' title='bbox 1729 1171 1785 1236; x_wconf 84' lang='lat' dir='ltr'>cir.</span> <span class='ocrx_word' id='word_1_93' title='bbox 1806 1172 1909 1238; x_wconf 89' lang='lat' dir='ltr'>Prisc.</span> 
     </span>
     <span class='ocr_line' id='line_1_11' title="bbox 299 1254 1914 1343; baseline -0.001 -18"><span class='ocrx_word' id='word_1_94' title='bbox 299 1259 450 1343; x_wconf 79' lang='lat' dir='ltr'>11p.54</span> <span class='ocrx_word' id='word_1_95' title='bbox 476 1259 694 1339; x_wconf 90' lang='lat' dir='ltr'>,Inveniuntur</span> <span class='ocrx_word' id='word_1_96' title='bbox 719 1259 876 1343; x_wconf 89' lang='lat' dir='ltr'>quaedam</span> <span class='ocrx_word' id='word_1_97' title='bbox 899 1259 1029 1323; x_wconf 92' lang='lat' dir='ltr'>nomina</span> <span class='ocrx_word' id='word_1_98' title='bbox 1052 1258 1154 1323; x_wconf 86' lang='lat' dir='ltr'>iorma</span> <span class='ocrx_word' id='word_1_99' title='bbox 1180 1254 1481 1338; x_wconf 87' lang='lat' dir='ltr'>patronymicorum,</span> <span class='ocrx_word' id='word_1_100' title='bbox 1510 1254 1592 1338; x_wconf 87' lang='lat' dir='ltr'>sign&#39;</span> <span class='ocrx_word' id='word_1_101' title='bbox 1618 1256 1745 1320; x_wconf 88' lang='lat' dir='ltr'>catione</span> <span class='ocrx_word' id='word_1_102' title='bbox 1772 1257 1914 1323; x_wconf 88' lang='lat' dir='ltr'>denomi-</span> 
     </span>
     <span class='ocr_line' id='line_1_12' title="bbox 299 1339 1965 1427; baseline -0.002 -17"><span class='ocrx_word' id='word_1_103' title='bbox 299 1345 419 1411; x_wconf 66' lang='lat' dir='ltr'>native</span> <span class='ocrx_word' id='word_1_104' title='bbox 443 1355 476 1411; x_wconf 86' lang='lat' dir='ltr'>et</span> <span class='ocrx_word' id='word_1_105' title='bbox 507 1344 598 1426; x_wconf 90' lang='lat' dir='ltr'>,Sunt</span> <span class='ocrx_word' id='word_1_106' title='bbox 617 1353 723 1410; x_wconf 90' lang='lat' dir='ltr'>autem</span> <span class='ocrx_word' id='word_1_107' title='bbox 744 1344 819 1425; x_wconf 83' lang='lat' dir='ltr'>alia,</span> <span class='ocrx_word' id='word_1_108' title='bbox 846 1365 929 1426; x_wconf 92' lang='lat' dir='ltr'>quae</span> <span class='ocrx_word' id='word_1_109' title='bbox 953 1364 1025 1409; x_wconf 91' lang='lat' dir='ltr'>cum</span> <span class='ocrx_word' id='word_1_110' title='bbox 1046 1345 1111 1410; x_wconf 90' lang='lat' dir='ltr'>sint</span> <span class='ocrx_word' id='word_1_111' title='bbox 1130 1341 1361 1427; x_wconf 89' lang='lat' dir='ltr'>patronymica,</span> <span class='ocrx_word' id='word_1_112' title='bbox 1390 1340 1423 1404; x_wconf 93' lang='lat' dir='ltr'>in</span> <span class='ocrx_word' id='word_1_113' title='bbox 1444 1340 1517 1405; x_wconf 90' lang='lat' dir='ltr'>aliis</span> <span class='ocrx_word' id='word_1_114' title='bbox 1538 1339 1738 1424; x_wconf 89' lang='lat' dir='ltr'>accipiuntur</span> <span class='ocrx_word' id='word_1_115' title='bbox 1759 1345 1910 1427; x_wconf 88' lang='lat' dir='ltr'>propria‘.</span> <span class='ocrx_word' id='word_1_116' title='bbox 1960 1399 1965 1407; x_wconf 79' lang='grc'><strong>,</strong></span> 
     </span>
     <span class='ocr_line' id='line_1_13' title="bbox 301 1426 1914 1515; baseline -0.001 -18"><span class='ocrx_word' id='word_1_117' title='bbox 301 1431 395 1510; x_wconf 90' lang='lat' dir='ltr'>Quod</span> <span class='ocrx_word' id='word_1_118' title='bbox 408 1430 478 1514; x_wconf 90' lang='lat' dir='ltr'>jam</span> <span class='ocrx_word' id='word_1_119' title='bbox 500 1432 646 1496; x_wconf 87' lang='lat' dir='ltr'>fecerunt</span> <span class='ocrx_word' id='word_1_120' title='bbox 665 1431 792 1497; x_wconf 88' lang='lat' dir='ltr'>Graeci.</span> <span class='ocrx_word' id='word_1_121' title='bbox 836 1430 963 1496; x_wconf 79' lang='lat' dir='ltr'>Etenim</span> <span class='ocrx_word' id='word_1_122' title='bbox 983 1431 1098 1512; x_wconf 88' lang='lat' dir='ltr'>siquis</span> <span class='ocrx_word' id='word_1_123' title='bbox 1119 1450 1184 1494; x_wconf 93' lang='lat' dir='ltr'>non</span> <span class='ocrx_word' id='word_1_124' title='bbox 1207 1426 1337 1510; x_wconf 90' lang='lat' dir='ltr'>proprio</span> <span class='ocrx_word' id='word_1_125' title='bbox 1360 1446 1418 1492; x_wconf 91' lang='lat' dir='ltr'>suo</span> <span class='ocrx_word' id='word_1_126' title='bbox 1440 1427 1578 1507; x_wconf 89' lang='lat' dir='ltr'>nomine,</span> <span class='ocrx_word' id='word_1_127' title='bbox 1603 1427 1662 1491; x_wconf 92' lang='lat' dir='ltr'>sed</span> <span class='ocrx_word' id='word_1_128' title='bbox 1679 1430 1914 1515; x_wconf 87' lang='lat' dir='ltr'>patronymico,</span> 
     </span>
     <span class='ocr_line' id='line_1_14' title="bbox 300 1512 1910 1602; baseline 0 -21"><span class='ocrx_word' id='word_1_129' title='bbox 300 1526 337 1583; x_wconf 92' lang='lat' dir='ltr'>nt</span> <span class='ocrx_word' id='word_1_130' title='bbox 357 1517 494 1601; x_wconf 91' lang='lat' dir='ltr'>potiore,</span> <span class='ocrx_word' id='word_1_131' title='bbox 521 1517 754 1602; x_wconf 86' lang='lat' dir='ltr'>appellabatur,</span> <span class='ocrx_word' id='word_1_132' title='bbox 788 1517 942 1601; x_wconf 87' lang='lat' dir='ltr'>paulatim</span> <span class='ocrx_word' id='word_1_133' title='bbox 967 1536 1084 1581; x_wconf 90' lang='lat' dir='ltr'>nomen</span> <span class='ocrx_word' id='word_1_134' title='bbox 1110 1536 1150 1581; x_wconf 83' lang='lat' dir='ltr'>ex</span> <span class='ocrx_word' id='word_1_135' title='bbox 1171 1512 1393 1599; x_wconf 86' lang='lat' dir='ltr'>patronymico</span> <span class='ocrx_word' id='word_1_136' title='bbox 1420 1513 1612 1580; x_wconf 81' lang='lat' dir='ltr'>factumest</span> <span class='ocrx_word' id='word_1_137' title='bbox 1637 1514 1910 1599; x_wconf 87' lang='lat' dir='ltr'>andronymienm,</span> 
     </span>
     <span class='ocr_line' id='line_1_15' title="bbox 300 1598 1910 1686; baseline 0 -19"><span class='ocrx_word' id='word_1_138' title='bbox 300 1604 387 1686; x_wconf 92' lang='lat' dir='ltr'>quod</span> <span class='ocrx_word' id='word_1_139' title='bbox 409 1604 506 1668; x_wconf 88' lang='lat' dir='ltr'>etium</span> <span class='ocrx_word' id='word_1_140' title='bbox 527 1602 599 1668; x_wconf 87' lang='lat' dir='ltr'>aliis</span> <span class='ocrx_word' id='word_1_141' title='bbox 620 1604 829 1669; x_wconf 88' lang='lat' dir='ltr'>tribuebatur.</span> <span class='ocrx_word' id='word_1_142' title='bbox 872 1603 952 1668; x_wconf 90' lang='lat' dir='ltr'>Inde</span> <span class='ocrx_word' id='word_1_143' title='bbox 974 1603 1121 1668; x_wconf 89' lang='lat' dir='ltr'>effectum</span> <span class='ocrx_word' id='word_1_144' title='bbox 1143 1609 1201 1682; x_wconf 86' lang='lat' dir='ltr'>est,</span> <span class='ocrx_word' id='word_1_145' title='bbox 1221 1606 1257 1663; x_wconf 93' lang='grc' dir='ltr'>ιιι</span> <span class='ocrx_word' id='word_1_146' title='bbox 1278 1598 1425 1664; x_wconf 84' lang='lat' dir='ltr'>suffixum</span> <span class='ocrx_word' id='word_1_147' title='bbox 1446 1599 1495 1677; x_wconf 71' lang='grc' dir='ltr'>δης</span> <span class='ocrx_word' id='word_1_148' title='bbox 1514 1598 1608 1662; x_wconf 70' lang='lat' dir='ltr'>fimet</span> <span class='ocrx_word' id='word_1_149' title='bbox 1628 1599 1776 1665; x_wconf 85' lang='lat' dir='ltr'>suffixum</span> <span class='ocrx_word' id='word_1_150' title='bbox 1795 1621 1910 1667; x_wconf 87' lang='lat' dir='ltr'>nomm.</span> 
     </span>
     <span class='ocr_line' id='line_1_16' title="bbox 299 1684 1911 1773; baseline 0.003 -20"><span class='ocrx_word' id='word_1_151' title='bbox 299 1687 445 1773; x_wconf 58' lang='lat' dir='ltr'>propri)</span> <span class='ocrx_word' id='word_1_152' title='bbox 465 1698 499 1755; x_wconf 92' lang='lat' dir='ltr'>et</span> <span class='ocrx_word' id='word_1_153' title='bbox 514 1690 599 1754; x_wconf 89' lang='lat' dir='ltr'>idem</span> <span class='ocrx_word' id='word_1_154' title='bbox 614 1691 708 1756; x_wconf 90' lang='lat' dir='ltr'>homa</span> <span class='ocrx_word' id='word_1_155' title='bbox 724 1689 885 1773; x_wconf 90' lang='lat' dir='ltr'>primitivo</span> <span class='ocrx_word' id='word_1_156' title='bbox 907 1697 941 1753; x_wconf 91' lang='lat' dir='ltr'>et</span> <span class='ocrx_word' id='word_1_157' title='bbox 953 1687 1175 1772; x_wconf 88' lang='lat' dir='ltr'>patronymico</span> <span class='ocrx_word' id='word_1_158' title='bbox 1190 1684 1415 1768; x_wconf 78' lang='lat' dir='ltr'>designaretur</span> <span class='ocrx_word' id='word_1_159' title='bbox 1429 1687 1486 1752; x_wconf 85' lang='lat' dir='ltr'>cfr.</span> <span class='ocrx_word' id='word_1_160' title='bbox 1502 1684 1676 1758; x_wconf 62' lang='lat' dir='ltr'>Kdlbms</span> <span class='ocrx_word' id='word_1_161' title='bbox 1691 1693 1780 1767; x_wconf 59' lang='lat' dir='ltr'>nequ</span> <span class='ocrx_word' id='word_1_162' title='bbox 1792 1695 1826 1752; x_wconf 73' lang='grc' dir='ltr'>θι</span> <span class='ocrx_word' id='word_1_163' title='bbox 1840 1686 1911 1752; x_wconf 76' lang='lat' dir='ltr'>(lal-</span> 
     </span>
     <span class='ocr_line' id='line_1_17' title="bbox 299 1771 1910 1859; baseline 0 -20"><span class='ocrx_word' id='word_1_164' title='bbox 299 1775 437 1859; x_wconf 88' lang='lat' dir='ltr'>lippides</span> <span class='ocrx_word' id='word_1_165' title='bbox 465 1774 609 1857; x_wconf 64' lang='lat' dir='ltr'>curritl)</span> <span class='ocrx_word' id='word_1_166' title='bbox 654 1776 761 1854; x_wconf 89' lang='lat' dir='ltr'>Quare</span> <span class='ocrx_word' id='word_1_167' title='bbox 780 1795 845 1840; x_wconf 92' lang='lat' dir='ltr'>non</span> <span class='ocrx_word' id='word_1_168' title='bbox 867 1795 943 1839; x_wconf 90' lang='lat' dir='ltr'>raro</span> <span class='ocrx_word' id='word_1_169' title='bbox 963 1774 1146 1839; x_wconf 86' lang='lat' dir='ltr'>terminatio</span> <span class='ocrx_word' id='word_1_170' title='bbox 1166 1771 1227 1848; x_wconf 73' lang='grc' dir='ltr'>ιδης</span> <span class='ocrx_word' id='word_1_171' title='bbox 1248 1780 1402 1855; x_wconf 84' lang='lat' dir='ltr'>usurpata</span> <span class='ocrx_word' id='word_1_172' title='bbox 1427 1781 1486 1855; x_wconf 90' lang='lat' dir='ltr'>est,</span> <span class='ocrx_word' id='word_1_173' title='bbox 1513 1777 1550 1835; x_wconf 92' lang='grc' dir='ltr'>ιιι</span> <span class='ocrx_word' id='word_1_174' title='bbox 1569 1772 1642 1835; x_wconf 88' lang='lat' dir='ltr'>voci</span> <span class='ocrx_word' id='word_1_175' title='bbox 1667 1778 1747 1837; x_wconf 88' lang='lat' dir='ltr'>nota</span> <span class='ocrx_word' id='word_1_176' title='bbox 1772 1774 1910 1839; x_wconf 88' lang='lat' dir='ltr'>nominis</span> 
     </span>
     <span class='ocr_line' id='line_1_18' title="bbox 300 1856 1910 1945; baseline 0 -21"><span class='ocrx_word' id='word_1_177' title='bbox 300 1860 423 1945; x_wconf 92' lang='lat' dir='ltr'>proprii</span> <span class='ocrx_word' id='word_1_178' title='bbox 442 1861 669 1945; x_wconf 86' lang='lat' dir='ltr'>imponeretur.</span> <span class='ocrx_word' id='word_1_179' title='bbox 713 1865 820 1944; x_wconf 86' lang='lat' dir='ltr'>Atque</span> <span class='ocrx_word' id='word_1_180' title='bbox 842 1869 878 1926; x_wconf 90' lang='lat' dir='ltr'>ut</span> <span class='ocrx_word' id='word_1_181' title='bbox 892 1861 1005 1925; x_wconf 91' lang='lat' dir='ltr'>comici</span> <span class='ocrx_word' id='word_1_182' title='bbox 1020 1860 1130 1945; x_wconf 86' lang='lat' dir='ltr'>graeci</span> <span class='ocrx_word' id='word_1_183' title='bbox 1144 1878 1243 1942; x_wconf 85' lang='lat' dir='ltr'>raepe</span> <span class='ocrx_word' id='word_1_184' title='bbox 1256 1859 1412 1940; x_wconf 89' lang='lat' dir='ltr'>ejusmodi</span> <span class='ocrx_word' id='word_1_185' title='bbox 1426 1856 1670 1924; x_wconf 83' lang='lat' dir='ltr'>formationibus</span> <span class='ocrx_word' id='word_1_186' title='bbox 1691 1859 1910 1944; x_wconf 75' lang='lat' dir='ltr'>utebantur,⁴)</span> 
     </span>
     <span class='ocr_line' id='line_1_19' title="bbox 298 1944 1911 2029; baseline 0 -18"><span class='ocrx_word' id='word_1_187' title='bbox 298 1948 346 2011; x_wconf 90' lang='lat' dir='ltr'>ita</span> <span class='ocrx_word' id='word_1_188' title='bbox 365 1947 499 2012; x_wconf 87' lang='lat' dir='ltr'>Plautus</span> <span class='ocrx_word' id='word_1_189' title='bbox 513 1949 630 2029; x_wconf 88' lang='lat' dir='ltr'>jocose</span> <span class='ocrx_word' id='word_1_190' title='bbox 651 1947 798 2012; x_wconf 84' lang='lat' dir='ltr'>suffixum</span> <span class='ocrx_word' id='word_1_191' title='bbox 819 1945 870 2023; x_wconf 73' lang='lat' dir='ltr'>due</span> <span class='ocrx_word' id='word_1_192' title='bbox 892 1947 1066 2012; x_wconf 88' lang='lat' dir='ltr'>adhibebat</span> <span class='ocrx_word' id='word_1_193' title='bbox 1091 1947 1272 2027; x_wconf 89' lang='lat' dir='ltr'>multasque</span> <span class='ocrx_word' id='word_1_194' title='bbox 1293 1945 1409 2028; x_wconf 84' lang='lat' dir='ltr'>stirpes</span> <span class='ocrx_word' id='word_1_195' title='bbox 1435 1944 1553 2011; x_wconf 88' lang='lat' dir='ltr'>latinas</span> <span class='ocrx_word' id='word_1_196' title='bbox 1582 1963 1621 2007; x_wconf 90' lang='lat' dir='ltr'>eo</span> <span class='ocrx_word' id='word_1_197' title='bbox 1645 1944 1732 2009; x_wconf 86' lang='lat' dir='ltr'>exitu</span> <span class='ocrx_word' id='word_1_198' title='bbox 1759 1945 1911 2010; x_wconf 82' lang='lat' dir='ltr'>instruxit</span> 
     </span>
     <span class='ocr_line' id='line_1_20' title="bbox 301 2029 2024 2116; baseline -0.002 -18"><span class='ocrx_word' id='word_1_199' title='bbox 301 2033 356 2098; x_wconf 85' lang='lat' dir='ltr'>cir.</span> <span class='ocrx_word' id='word_1_200' title='bbox 372 2032 468 2099; x_wconf 86' lang='lat' dir='ltr'>Most.</span> <span class='ocrx_word' id='word_1_201' title='bbox 484 2033 557 2111; x_wconf 80' lang='lat'>343,</span> <span class='ocrx_word' id='word_1_202' title='bbox 580 2033 671 2116; x_wconf 85' lang='lat' dir='ltr'>Oapt.</span> <span class='ocrx_word' id='word_1_203' title='bbox 687 2034 760 2113; x_wconf 79' lang='lat'>472,</span> <span class='ocrx_word' id='word_1_204' title='bbox 782 2034 867 2098; x_wconf 87' lang='lat' dir='ltr'>Men.</span> <span class='ocrx_word' id='word_1_205' title='bbox 879 2034 953 2113; x_wconf 77' lang='lat'>210,</span> <span class='ocrx_word' id='word_1_206' title='bbox 970 2034 1059 2098; x_wconf 86' lang='lat' dir='ltr'>Trin.</span> <span class='ocrx_word' id='word_1_207' title='bbox 1077 2033 1169 2114; x_wconf 75' lang='lat'>1022,</span> <span class='ocrx_word' id='word_1_208' title='bbox 1184 2032 1281 2113; x_wconf 90' lang='lat' dir='ltr'>idque</span> <span class='ocrx_word' id='word_1_209' title='bbox 1296 2050 1368 2094; x_wconf 92' lang='lat' dir='ltr'>eum</span> <span class='ocrx_word' id='word_1_210' title='bbox 1382 2031 1497 2097; x_wconf 87' lang='lat' dir='ltr'>fecisse</span> <span class='ocrx_word' id='word_1_211' title='bbox 1512 2051 1554 2096; x_wconf 84' lang='lat' dir='ltr'>ex</span> <span class='ocrx_word' id='word_1_212' title='bbox 1567 2029 1746 2095; x_wconf 88' lang='lat' dir='ltr'>imitatione</span> <span class='ocrx_word' id='word_1_213' title='bbox 1760 2032 1909 2114; x_wconf 90' lang='lat' dir='ltr'>Aeolum,</span> <span class='ocrx_word' id='word_1_214' title='bbox 2021 2031 2024 2037; x_wconf 86' lang='grc'><strong>’</strong></span> 
     </span>
     <span class='ocr_line' id='line_1_21' title="bbox 301 2115 1933 2203; baseline 0.001 -22"><span class='ocrx_word' id='word_1_215' title='bbox 301 2119 355 2201; x_wconf 94' lang='lat' dir='ltr'>qui</span> <span class='ocrx_word' id='word_1_216' title='bbox 376 2119 443 2183; x_wconf 87' lang='lat' dir='ltr'>sere</span> <span class='ocrx_word' id='word_1_217' title='bbox 476 2120 618 2203; x_wconf 87' lang='lat' dir='ltr'>epitheta</span> <span class='ocrx_word' id='word_1_218' title='bbox 642 2120 862 2203; x_wconf 86' lang='lat' dir='ltr'>patronymico</span> <span class='ocrx_word' id='word_1_219' title='bbox 888 2120 1091 2200; x_wconf 79' lang='lat' dir='ltr'>formassent,</span> <span class='ocrx_word' id='word_1_220' title='bbox 1123 2117 1270 2201; x_wconf 85' lang='lat' dir='ltr'>Scaliger</span> <span class='ocrx_word' id='word_1_221' title='bbox 1297 2116 1408 2181; x_wconf 87' lang='lat' dir='ltr'>voluit.</span> <span class='ocrx_word' id='word_1_222' title='bbox 1452 2119 1628 2183; x_wconf 89' lang='lat' dir='ltr'>Praeterea</span> <span class='ocrx_word' id='word_1_223' title='bbox 1653 2115 1787 2182; x_wconf 90' lang='lat' dir='ltr'>Plautus</span> <span class='ocrx_word' id='word_1_224' title='bbox 1808 2118 1933 2184; x_wconf 76' lang='lat' dir='ltr'>xvii</span> 
     </span>
     <span class='ocr_line' id='line_1_22' title="bbox 299 2202 1910 2353; baseline 0 -84"><span class='ocrx_word' id='word_1_225' title='bbox 299 2205 430 2270; x_wconf 88' lang='lat' dir='ltr'>nomina</span> <span class='ocrx_word' id='word_1_226' title='bbox 454 2206 586 2288; x_wconf 88' lang='lat' dir='ltr'>propria</span> <span class='ocrx_word' id='word_1_227' title='bbox 610 2206 686 2270; x_wconf 91' lang='lat' dir='ltr'>inde</span> <span class='ocrx_word' id='word_1_228' title='bbox 705 2205 806 2286; x_wconf 82' lang='lat' dir='ltr'>finxit,</span> <span class='ocrx_word' id='word_1_229' title='bbox 839 2206 1011 2272; x_wconf 86' lang='lat' dir='ltr'>Terentius</span> <span class='ocrx_word' id='word_1_230' title='bbox 1036 2214 1088 2270; x_wconf 90' lang='lat' dir='ltr'>ter</span> <span class='ocrx_word' id='word_1_231' title='bbox 1113 2205 1170 2269; x_wconf 94' lang='lat' dir='ltr'>illo</span> <span class='ocrx_word' id='word_1_232' title='bbox 1204 2202 1319 2268; x_wconf 82' lang='lat' dir='ltr'>suffixo</span> <span class='ocrx_word' id='word_1_233' title='bbox 1347 2222 1421 2267; x_wconf 91' lang='lat' dir='ltr'>usus</span> <span class='ocrx_word' id='word_1_234' title='bbox 1443 2205 1537 2353; x_wconf 42' lang='lat' dir='ltr'>est?</span> <span class='ocrx_word' id='word_1_235' title='bbox 1583 2202 1685 2280; x_wconf 87' lang='lat' dir='ltr'>Quam</span> <span class='ocrx_word' id='word_1_236' title='bbox 1710 2203 1910 2269; x_wconf 90' lang='lat' dir='ltr'>adamaverit</span> 
     </span>
     <span class='ocr_line' id='line_1_23' title="bbox 299 2289 1910 2373; baseline -0.001 -18"><span class='ocrx_word' id='word_1_237' title='bbox 299 2290 433 2355; x_wconf 89' lang='lat' dir='ltr'>Plautus</span> <span class='ocrx_word' id='word_1_238' title='bbox 454 2292 585 2355; x_wconf 86' lang='lat' dir='ltr'>nomina</span> <span class='ocrx_word' id='word_1_239' title='bbox 603 2293 666 2357; x_wconf 89' lang='lat' dir='ltr'>hoc</span> <span class='ocrx_word' id='word_1_240' title='bbox 687 2291 802 2357; x_wconf 85' lang='lat' dir='ltr'>suffixo</span> <span class='ocrx_word' id='word_1_241' title='bbox 824 2293 1005 2373; x_wconf 91' lang='lat' dir='ltr'>terminata,</span> <span class='ocrx_word' id='word_1_242' title='bbox 1027 2293 1164 2356; x_wconf 82' lang='lat' dir='ltr'>maxime</span> <span class='ocrx_word' id='word_1_243' title='bbox 1184 2296 1345 2355; x_wconf 89' lang='lat' dir='ltr'>testentur</span> <span class='ocrx_word' id='word_1_244' title='bbox 1358 2289 1489 2353; x_wconf 89' lang='lat' dir='ltr'>nomina</span> <span class='ocrx_word' id='word_1_245' title='bbox 1508 2290 1568 2353; x_wconf 88' lang='lat' dir='ltr'>ila</span> <span class='ocrx_word' id='word_1_246' title='bbox 1581 2290 1672 2353; x_wconf 90' lang='lat' dir='ltr'>Pers.</span> <span class='ocrx_word' id='word_1_247' title='bbox 1689 2289 1751 2354; x_wconf 82' lang='lat'>702</span> <span class='ocrx_word' id='word_1_248' title='bbox 1766 2310 1855 2354; x_wconf 91' lang='lat' dir='ltr'>more</span> <span class='ocrx_word' id='word_1_249' title='bbox 1876 2297 1910 2354; x_wconf 91' lang='lat' dir='ltr'>et</span> 
     </span>
     <span class='ocr_line' id='line_1_24' title="bbox 299 2373 1907 2461; baseline -0.001 -20"><span class='ocrx_word' id='word_1_250' title='bbox 299 2376 411 2460; x_wconf 90' lang='lat' dir='ltr'>lepore</span> <span class='ocrx_word' id='word_1_251' title='bbox 426 2377 674 2461; x_wconf 86' lang='lat' dir='ltr'>Aristophanico</span> <span class='ocrx_word' id='word_1_252' title='bbox 695 2385 857 2460; x_wconf 90' lang='lat' dir='ltr'>tamquam</span> <span class='ocrx_word' id='word_1_253' title='bbox 871 2378 1005 2443; x_wconf 85' lang='lat' dir='ltr'>Persica</span> <span class='ocrx_word' id='word_1_254' title='bbox 1019 2378 1171 2459; x_wconf 80' lang='lat' dir='ltr'>conficta3</span> <span class='ocrx_word' id='word_1_255' title='bbox 1194 2395 1277 2459; x_wconf 88' lang='lat' dir='ltr'>quae</span> <span class='ocrx_word' id='word_1_256' title='bbox 1293 2376 1409 2456; x_wconf 85' lang='lat' dir='ltr'>omnia,</span> <span class='ocrx_word' id='word_1_257' title='bbox 1431 2396 1507 2457; x_wconf 91' lang='lat' dir='ltr'>uon,</span> <span class='ocrx_word' id='word_1_258' title='bbox 1529 2383 1568 2438; x_wconf 90' lang='lat' dir='ltr'>ut</span> <span class='ocrx_word' id='word_1_259' title='bbox 1580 2375 1672 2439; x_wconf 91' lang='lat' dir='ltr'>multi</span> <span class='ocrx_word' id='word_1_260' title='bbox 1693 2375 1750 2439; x_wconf 83' lang='lat' dir='ltr'>cir.</span> <span class='ocrx_word' id='word_1_261' title='bbox 1767 2373 1907 2441; x_wconf 82' lang='lat' dir='ltr'>Gorssen</span> 
     </span>
     <span class='ocr_line' id='line_1_25' title="bbox 300 2459 1912 2547; baseline 0 -20"><span class='ocrx_word' id='word_1_262' title='bbox 300 2461 354 2527; x_wconf 86' lang='lat' dir='ltr'>all</span> <span class='ocrx_word' id='word_1_263' title='bbox 376 2470 578 2547; x_wconf 88' lang='lat' dir='ltr'>putaverunt,</span> <span class='ocrx_word' id='word_1_264' title='bbox 600 2464 715 2547; x_wconf 86' lang='lat' dir='ltr'>partim</span> <span class='ocrx_word' id='word_1_265' title='bbox 737 2483 857 2547; x_wconf 88' lang='lat' dir='ltr'>graeca</span> <span class='ocrx_word' id='word_1_266' title='bbox 875 2464 992 2547; x_wconf 84' lang='lat' dir='ltr'>partim</span> <span class='ocrx_word' id='word_1_267' title='bbox 1014 2463 1124 2543; x_wconf 85' lang='lat' dir='ltr'>latina,</span> <span class='ocrx_word' id='word_1_268' title='bbox 1147 2463 1205 2527; x_wconf 90' lang='lat' dir='ltr'>sed</span> <span class='ocrx_word' id='word_1_269' title='bbox 1227 2470 1297 2527; x_wconf 89' lang='lat' dir='ltr'>tota</span> <span class='ocrx_word' id='word_1_270' title='bbox 1317 2460 1420 2526; x_wconf 86' lang='lat' dir='ltr'>latina</span> <span class='ocrx_word' id='word_1_271' title='bbox 1441 2469 1515 2526; x_wconf 91' lang='lat' dir='ltr'>sunt</span> <span class='ocrx_word' id='word_1_272' title='bbox 1534 2479 1655 2546; x_wconf 88' lang='lat' dir='ltr'>graeco</span> <span class='ocrx_word' id='word_1_273' title='bbox 1677 2459 1791 2525; x_wconf 83' lang='lat' dir='ltr'>suffixo</span> <span class='ocrx_word' id='word_1_274' title='bbox 1808 2461 1912 2527; x_wconf 83' lang='lat' dir='ltr'>finita.</span> 
     </span>
     <span class='ocr_line' id='line_1_26' title="bbox 236 2547 1907 2633; baseline -0.001 -20"><span class='ocrx_word' id='word_1_275' title='bbox 236 2575 240 2581; x_wconf 94' lang='lat'>·</span> <span class='ocrx_word' id='word_1_276' title='bbox 296 2548 438 2625; x_wconf 85' lang='lat' dir='ltr'>Primum</span> <span class='ocrx_word' id='word_1_277' title='bbox 452 2569 570 2629; x_wconf 90' lang='lat' dir='ltr'>eorum,</span> <span class='ocrx_word' id='word_1_278' title='bbox 593 2558 629 2613; x_wconf 92' lang='lat' dir='ltr'>nt</span> <span class='ocrx_word' id='word_1_279' title='bbox 642 2569 760 2615; x_wconf 91' lang='lat' dir='ltr'>nomen</span> <span class='ocrx_word' id='word_1_280' title='bbox 773 2550 945 2633; x_wconf 89' lang='lat' dir='ltr'>proprium,</span> <span class='ocrx_word' id='word_1_281' title='bbox 968 2556 1064 2614; x_wconf 88' lang='lat' dir='ltr'>sonat</span> <span class='ocrx_word' id='word_1_282' title='bbox 1077 2547 1400 2631; x_wconf 69' lang='lat' dir='ltr'>Vaniloquidorusu)</span> <span class='ocrx_word' id='word_1_283' title='bbox 1424 2547 1835 2630; x_wconf 87' lang='lat' dir='ltr'>,Windbeuteleiengeber‘,</span> <span class='ocrx_word' id='word_1_284' title='bbox 1858 2568 1907 2612; x_wconf 91' lang='lat' dir='ltr'>re·</span> 
     </span>
     <span class='ocr_line' id='line_1_27' title="bbox 298 2633 1909 2719; baseline -0.001 -20"><span class='ocrx_word' id='word_1_285' title='bbox 298 2634 396 2717; x_wconf 87' lang='lat' dir='ltr'>liqna,</span> <span class='ocrx_word' id='word_1_286' title='bbox 419 2642 455 2698; x_wconf 90' lang='lat' dir='ltr'>ut</span> <span class='ocrx_word' id='word_1_287' title='bbox 475 2634 678 2718; x_wconf 88' lang='lat' dir='ltr'>cognomina,</span> <span class='ocrx_word' id='word_1_288' title='bbox 699 2637 732 2700; x_wconf 91' lang='lat' dir='ltr'>in</span> <span class='ocrx_word' id='word_1_289' title='bbox 752 2633 815 2711; x_wconf 66' lang='lat' dir='ltr'>adu:</span> <span class='ocrx_word' id='word_1_290' title='bbox 835 2643 965 2705; x_wconf 75' lang='lat' dir='ltr'>emunt:</span> <span class='ocrx_word' id='word_1_291' title='bbox 992 2633 1336 2719; x_wconf 84' lang='lat' dir='ltr'>Virginisvendonides</span> <span class='ocrx_word' id='word_1_292' title='bbox 1356 2633 1741 2718; x_wconf 56' lang='lat' dir='ltr'>,Junghamuuandlerst</span> <span class='ocrx_word' id='word_1_293' title='bbox 1764 2654 1823 2717; x_wconf 94' lang='lat' dir='ltr'>pro</span> <span class='ocrx_word' id='word_1_294' title='bbox 1844 2655 1909 2717; x_wconf 93' lang='lat' dir='ltr'>quo</span> 
     </span>
     <span class='ocr_line' id='line_1_28' title="bbox 299 2720 1909 2806; baseline -0.001 -20"><span class='ocrx_word' id='word_1_295' title='bbox 299 2721 393 2786; x_wconf 91' lang='lat' dir='ltr'>codd.</span> <span class='ocrx_word' id='word_1_296' title='bbox 419 2721 560 2785; x_wconf 91' lang='lat' dir='ltr'>lectione</span> <span class='ocrx_word' id='word_1_297' title='bbox 582 2730 692 2805; x_wconf 88' lang='lat' dir='ltr'>spreta</span> <span class='ocrx_word' id='word_1_298' title='bbox 712 2721 895 2804; x_wconf 78' lang='lat' dir='ltr'>Virginesv.</span> <span class='ocrx_word' id='word_1_299' title='bbox 928 2723 1067 2806; x_wconf 80' lang='lat' dir='ltr'>proferri</span> <span class='ocrx_word' id='word_1_300' title='bbox 1093 2742 1173 2806; x_wconf 86' lang='lat' dir='ltr'>opus</span> <span class='ocrx_word' id='word_1_301' title='bbox 1195 2741 1260 2784; x_wconf 91' lang='lat' dir='ltr'>non</span> <span class='ocrx_word' id='word_1_302' title='bbox 1281 2726 1340 2783; x_wconf 86' lang='lat' dir='ltr'>est.</span> <span class='ocrx_word' id='word_1_303' title='bbox 1385 2720 1530 2785; x_wconf 83' lang='lat' dir='ltr'>Tertium</span> <span class='ocrx_word' id='word_1_304' title='bbox 1551 2740 1667 2785; x_wconf 92' lang='lat' dir='ltr'>nomen</span> <span class='ocrx_word' id='word_1_305' title='bbox 1694 2720 1823 2784; x_wconf 91' lang='lat' dir='ltr'>dubium</span> <span class='ocrx_word' id='word_1_306' title='bbox 1845 2728 1909 2785; x_wconf 91' lang='lat' dir='ltr'>est:</span> 
     </span>
     <span class='ocr_line' id='line_1_29' title="bbox 298 2805 1911 2891; baseline 0 -20"><span class='ocrx_word' id='word_1_307' title='bbox 298 2811 329 2871; x_wconf 90' lang='lat' dir='ltr'>A</span> <span class='ocrx_word' id='word_1_308' title='bbox 348 2805 400 2871; x_wconf 93' lang='lat' dir='ltr'>Nu</span> <span class='ocrx_word' id='word_1_309' title='bbox 426 2806 433 2820; x_wconf 89' lang='lat'>&#39;</span> <span class='ocrx_word' id='word_1_310' title='bbox 455 2806 636 2890; x_wconf 89' lang='lat' dir='ltr'>piloquides</span> <span class='ocrx_word' id='word_1_311' title='bbox 657 2816 690 2872; x_wconf 93' lang='lat' dir='ltr'>et</span> <span class='ocrx_word' id='word_1_312' title='bbox 710 2807 857 2872; x_wconf 89' lang='lat' dir='ltr'>similiter</span> <span class='ocrx_word' id='word_1_313' title='bbox 870 2806 1023 2891; x_wconf 73' lang='lat' dir='ltr'>BGDFZ,</span> <span class='ocrx_word' id='word_1_314' title='bbox 1045 2828 1127 2890; x_wconf 90' lang='lat' dir='ltr'>quae</span> <span class='ocrx_word' id='word_1_315' title='bbox 1146 2807 1244 2871; x_wconf 89' lang='lat' dir='ltr'>lectio</span> <span class='ocrx_word' id='word_1_316' title='bbox 1268 2812 1301 2868; x_wconf 90' lang='lat' dir='ltr'>et</span> <span class='ocrx_word' id='word_1_317' title='bbox 1314 2813 1416 2871; x_wconf 88' lang='lat' dir='ltr'>metro</span> <span class='ocrx_word' id='word_1_318' title='bbox 1439 2815 1599 2891; x_wconf 89' lang='lat' dir='ltr'>repugnat</span> <span class='ocrx_word' id='word_1_319' title='bbox 1621 2814 1662 2886; x_wconf 86' lang='lat' dir='ltr'>et,</span> <span class='ocrx_word' id='word_1_320' title='bbox 1686 2807 1714 2871; x_wconf 86' lang='lat' dir='ltr'>si</span> <span class='ocrx_word' id='word_1_321' title='bbox 1734 2826 1804 2869; x_wconf 90' lang='lat' dir='ltr'>eum</span> <span class='ocrx_word' id='word_1_322' title='bbox 1819 2806 1911 2871; x_wconf 87' lang='lat' dir='ltr'>Lam·</span> 
     </span>
     <span class='ocr_line' id='line_1_30' title="bbox 298 2827 1913 2984; baseline -0.001 -28"><span class='ocrx_word' id='word_1_323' title='bbox 298 2892 386 2974; x_wconf 89' lang='lat' dir='ltr'>bino,</span> <span class='ocrx_word' id='word_1_324' title='bbox 401 2827 596 2958; x_wconf 67' lang='lat' dir='ltr'>glloirhornio</span> <span class='ocrx_word' id='word_1_325' title='bbox 617 2894 650 2958; x_wconf 93' lang='lat' dir='ltr'>in</span> <span class='ocrx_word' id='word_1_326' title='bbox 665 2892 956 2978; x_wconf 89' lang='lat' dir='ltr'>Nugipililoquides</span> <span class='ocrx_word' id='word_1_327' title='bbox 978 2900 1127 2974; x_wconf 90' lang='lat' dir='ltr'>mutatur,</span> <span class='ocrx_word' id='word_1_328' title='bbox 1149 2912 1245 2958; x_wconf 85' lang='lat' dir='ltr'>sensu</span> <span class='ocrx_word' id='word_1_329' title='bbox 1260 2893 1444 2956; x_wconf 86' lang='lat' dir='ltr'>necessario</span> <span class='ocrx_word' id='word_1_330' title='bbox 1460 2900 1559 2984; x_wconf 79' lang='lat' dir='ltr'>caret.</span> <span class='ocrx_word' id='word_1_331' title='bbox 1604 2891 1756 2959; x_wconf 85' lang='lat' dir='ltr'>Gulielmi</span> <span class='ocrx_word' id='word_1_332' title='bbox 1769 2892 1913 2975; x_wconf 88' lang='lat' dir='ltr'>Nugido·</span> 
     </span>
     <span class='ocr_line' id='line_1_31' title="bbox 299 2976 1911 3064; baseline 0 -22"><span class='ocrx_word' id='word_1_333' title='bbox 299 2977 400 3061; x_wconf 91' lang='lat' dir='ltr'>loloq.</span> <span class='ocrx_word' id='word_1_334' title='bbox 428 2986 462 3043; x_wconf 91' lang='lat' dir='ltr'>et</span> <span class='ocrx_word' id='word_1_335' title='bbox 482 2978 590 3043; x_wconf 94' lang='lat' dir='ltr'>Bothii</span> <span class='ocrx_word' id='word_1_336' title='bbox 610 2979 882 3064; x_wconf 72' lang='lat' dir='ltr'>Nugipalamloq,</span> <span class='ocrx_word' id='word_1_337' title='bbox 915 2981 1001 3062; x_wconf 91' lang='lat' dir='ltr'>quod</span> <span class='ocrx_word' id='word_1_338' title='bbox 1028 2979 1233 3059; x_wconf 85' lang='lat' dir='ltr'>Ritechelius‚</span> <span class='ocrx_word' id='word_1_339' title='bbox 1256 2976 1318 3042; x_wconf 89' lang='lat' dir='ltr'>etsi</span> <span class='ocrx_word' id='word_1_340' title='bbox 1341 2978 1524 3043; x_wconf 89' lang='lat' dir='ltr'>Plautinum</span> <span class='ocrx_word' id='word_1_341' title='bbox 1551 3000 1617 3045; x_wconf 93' lang='lat' dir='ltr'>non</span> <span class='ocrx_word' id='word_1_342' title='bbox 1640 2998 1712 3044; x_wconf 89' lang='lat' dir='ltr'>esse</span> <span class='ocrx_word' id='word_1_343' title='bbox 1733 2979 1843 3055; x_wconf 87' lang='lat' dir='ltr'>sensit,</span> <span class='ocrx_word' id='word_1_344' title='bbox 1876 2978 1911 3042; x_wconf 93' lang='lat' dir='ltr'>in</span> 
     </span>
     <span class='ocr_line' id='line_1_32' title="bbox 299 3064 1911 3149; baseline 0 -21"><span class='ocrx_word' id='word_1_345' title='bbox 299 3072 420 3128; x_wconf 81' lang='lat' dir='ltr'>textum</span> <span class='ocrx_word' id='word_1_346' title='bbox 442 3065 573 3148; x_wconf 88' lang='lat' dir='ltr'>recepit,</span> <span class='ocrx_word' id='word_1_347' title='bbox 596 3065 690 3130; x_wconf 88' lang='lat' dir='ltr'>nimis</span> <span class='ocrx_word' id='word_1_348' title='bbox 708 3085 728 3129; x_wconf 91' lang='lat' dir='ltr'>a</span> <span class='ocrx_word' id='word_1_349' title='bbox 743 3065 836 3130; x_wconf 89' lang='lat' dir='ltr'>codd.</span> <span class='ocrx_word' id='word_1_350' title='bbox 852 3065 998 3149; x_wconf 89' lang='lat' dir='ltr'>vestigiis</span> <span class='ocrx_word' id='word_1_351' title='bbox 1019 3065 1184 3130; x_wconf 89' lang='lat' dir='ltr'>recedunt.</span> <span class='ocrx_word' id='word_1_352' title='bbox 1228 3065 1321 3128; x_wconf 88' lang='lat' dir='ltr'>Haec</span> <span class='ocrx_word' id='word_1_353' title='bbox 1337 3065 1473 3128; x_wconf 84' lang='lat' dir='ltr'>maxime</span> <span class='ocrx_word' id='word_1_354' title='bbox 1495 3072 1644 3148; x_wconf 91' lang='lat' dir='ltr'>premunt</span> <span class='ocrx_word' id='word_1_355' title='bbox 1663 3072 1697 3128; x_wconf 92' lang='lat' dir='ltr'>et</span> <span class='ocrx_word' id='word_1_356' title='bbox 1714 3064 1823 3128; x_wconf 89' lang='lat' dir='ltr'>sensui</span> <span class='ocrx_word' id='word_1_357' title='bbox 1838 3085 1911 3129; x_wconf 89' lang='lat' dir='ltr'>eon-</span> 
     </span>
     <span class='ocr_line' id='line_1_33' title="bbox 299 3149 1911 3236; baseline 0.001 -24"><span class='ocrx_word' id='word_1_358' title='bbox 299 3149 558 3216; x_wconf 88' lang='lat' dir='ltr'>venientissimae</span> <span class='ocrx_word' id='word_1_359' title='bbox 579 3158 655 3215; x_wconf 90' lang='lat' dir='ltr'>suut</span> <span class='ocrx_word' id='word_1_360' title='bbox 672 3151 829 3216; x_wconf 89' lang='lat' dir='ltr'>lectiones</span> <span class='ocrx_word' id='word_1_361' title='bbox 851 3151 984 3235; x_wconf 86' lang='lat' dir='ltr'>Pyladis</span> <span class='ocrx_word' id='word_1_362' title='bbox 1005 3151 1245 3236; x_wconf 75' lang='lat' dir='ltr'>Nugipololoq,</span> <span class='ocrx_word' id='word_1_363' title='bbox 1273 3150 1374 3233; x_wconf 85' lang='lat' dir='ltr'>magia</span> <span class='ocrx_word' id='word_1_364' title='bbox 1397 3151 1494 3215; x_wconf 87' lang='lat' dir='ltr'>etiam</span> <span class='ocrx_word' id='word_1_365' title='bbox 1517 3151 1702 3233; x_wconf 78' lang='lat' dir='ltr'>(lamet-arii,</span> <span class='ocrx_word' id='word_1_366' title='bbox 1725 3170 1819 3231; x_wconf 91' lang='lat' dir='ltr'>quam</span> <span class='ocrx_word' id='word_1_367' title='bbox 1839 3169 1911 3233; x_wconf 91' lang='lat' dir='ltr'>pro·</span> 
     </span>
     <span class='ocr_line' id='line_1_34' title="bbox 300 3235 1912 3321; baseline 0.001 -23"><span class='ocrx_word' id='word_1_368' title='bbox 300 3235 391 3299; x_wconf 88' lang='lat' dir='ltr'>bavit</span> <span class='ocrx_word' id='word_1_369' title='bbox 404 3235 582 3301; x_wconf 82' lang='lat' dir='ltr'>Gerasenos</span> <span class='ocrx_word' id='word_1_370' title='bbox 604 3237 669 3317; x_wconf 86' lang='lat' dir='ltr'>all,</span> <span class='ocrx_word' id='word_1_371' title='bbox 685 3237 915 3321; x_wconf 88' lang='lat' dir='ltr'>Nugipolyloq.</span> <span class='ocrx_word' id='word_1_372' title='bbox 937 3237 1277 3320; x_wconf 85' lang='lat' dir='ltr'>,Vielliigenredners‘.</span> <span class='ocrx_word' id='word_1_373' title='bbox 1321 3237 1387 3302; x_wconf 89' lang='lat' dir='ltr'>Sed</span> <span class='ocrx_word' id='word_1_374' title='bbox 1410 3237 1544 3320; x_wconf 87' lang='lat' dir='ltr'>hybrida</span> <span class='ocrx_word' id='word_1_375' title='bbox 1567 3246 1626 3302; x_wconf 89' lang='lat' dir='ltr'>est.</span> <span class='ocrx_word' id='word_1_376' title='bbox 1672 3241 1825 3317; x_wconf 85' lang='lat' dir='ltr'>Quartum</span> <span class='ocrx_word' id='word_1_377' title='bbox 1847 3256 1912 3301; x_wconf 89' lang='lat' dir='ltr'>ser·</span> 
     </span>
     <span class='ocr_line' id='line_1_35' title="bbox 299 3320 1913 3407; baseline 0.002 -24"><span class='ocrx_word' id='word_1_378' title='bbox 299 3321 390 3386; x_wconf 82' lang='lat' dir='ltr'>vavit</span> <span class='ocrx_word' id='word_1_379' title='bbox 415 3327 445 3387; x_wconf 92' lang='lat' dir='ltr'>A</span> <span class='ocrx_word' id='word_1_380' title='bbox 466 3324 909 3407; x_wconf 85' lang='lat' dir='ltr'>Argentumexterebronides</span> <span class='ocrx_word' id='word_1_381' title='bbox 936 3322 1419 3407; x_wconf 86' lang='lat' dir='ltr'>,Silbergeldausbohrerssohu‘</span> <span class='ocrx_word' id='word_1_382' title='bbox 1447 3324 1503 3387; x_wconf 87' lang='lat' dir='ltr'>csr.</span> <span class='ocrx_word' id='word_1_383' title='bbox 1526 3325 1731 3389; x_wconf 85' lang='lat' dir='ltr'>exterebrare</span> <span class='ocrx_word' id='word_1_384' title='bbox 1753 3320 1844 3385; x_wconf 90' lang='lat' dir='ltr'>Pers.</span> <span class='ocrx_word' id='word_1_385' title='bbox 1866 3322 1913 3387; x_wconf 85' lang='grc' dir='ltr'>Π.</span> 
     </span>
     <span class='ocr_line' id='line_1_36' title="bbox 258 3406 1909 3494; baseline 0.002 -24"><span class='ocrx_word' id='word_1_386' title='bbox 258 3450 266 3459; x_wconf 71' lang='lat'><em>-</em></span> <span class='ocrx_word' id='word_1_387' title='bbox 300 3407 330 3471; x_wconf 82' lang='lat'>2.</span> <span class='ocrx_word' id='word_1_388' title='bbox 353 3406 416 3488; x_wconf 73' lang='lat'>55,</span> <span class='ocrx_word' id='word_1_389' title='bbox 437 3429 495 3492; x_wconf 90' lang='lat' dir='ltr'>pro</span> <span class='ocrx_word' id='word_1_390' title='bbox 519 3430 581 3492; x_wconf 88' lang='lat' dir='ltr'>qno</span> <span class='ocrx_word' id='word_1_391' title='bbox 603 3429 668 3474; x_wconf 92' lang='lat' dir='ltr'>non</span> <span class='ocrx_word' id='word_1_392' title='bbox 690 3416 742 3473; x_wconf 89' lang='lat' dir='ltr'>est</span> <span class='ocrx_word' id='word_1_393' title='bbox 761 3412 977 3475; x_wconf 88' lang='lat' dir='ltr'>necessarium</span> <span class='ocrx_word' id='word_1_394' title='bbox 998 3410 1131 3493; x_wconf 89' lang='lat' dir='ltr'>Pyladis</span> <span class='ocrx_word' id='word_1_395' title='bbox 1152 3410 1357 3493; x_wconf 86' lang='lat' dir='ltr'>Argentiext;</span> <span class='ocrx_word' id='word_1_396' title='bbox 1379 3407 1451 3474; x_wconf 87' lang='lat' dir='ltr'>rell.</span> <span class='ocrx_word' id='word_1_397' title='bbox 1469 3409 1564 3473; x_wconf 92' lang='lat' dir='ltr'>codd.</span> <span class='ocrx_word' id='word_1_398' title='bbox 1584 3430 1751 3494; x_wconf 90' lang='lat' dir='ltr'>perperam</span> <span class='ocrx_word' id='word_1_399' title='bbox 1775 3406 1909 3473; x_wconf 90' lang='lat' dir='ltr'>alteram</span> 
     </span>
     <span class='ocr_line' id='line_1_37' title="bbox 299 3479 1909 3580; baseline 0.001 -24"><span class='ocrx_word' id='word_1_400' title='bbox 299 3498 423 3576; x_wconf 85' lang='lat' dir='ltr'>partem</span> <span class='ocrx_word' id='word_1_401' title='bbox 445 3496 745 3576; x_wconf 84' lang='lat' dir='ltr'>,extenebronides‘,</span> <span class='ocrx_word' id='word_1_402' title='bbox 771 3496 793 3561; x_wconf 90' lang='lat' dir='ltr'>i.</span> <span class='ocrx_word' id='word_1_403' title='bbox 817 3515 845 3559; x_wconf 91' lang='lat' dir='ltr'>e.</span> <span class='ocrx_word' id='word_1_404' title='bbox 873 3496 938 3578; x_wconf 92' lang='lat' dir='ltr'>,qui</span> <span class='ocrx_word' id='word_1_405' title='bbox 959 3515 999 3560; x_wconf 82' lang='lat' dir='ltr'>ex</span> <span class='ocrx_word' id='word_1_406' title='bbox 1020 3495 1162 3560; x_wconf 91' lang='lat' dir='ltr'>tenebris</span> <span class='ocrx_word' id='word_1_407' title='bbox 1185 3496 1287 3576; x_wconf 86' lang='lat' dir='ltr'>eruit‘,</span> <span class='ocrx_word' id='word_1_408' title='bbox 1308 3495 1474 3577; x_wconf 83' lang='lat' dir='ltr'>praebent</span> <span class='ocrx_word' id='word_1_409' title='bbox 1520 3496 1670 3573; x_wconf 87' lang='lat' dir='ltr'>Quintum</span> <span class='ocrx_word' id='word_1_410' title='bbox 1698 3479 1793 3580; x_wconf 76' lang='lat' dir='ltr'>qdum</span> <span class='ocrx_word' id='word_1_411' title='bbox 1816 3495 1909 3558; x_wconf 93' lang='lat' dir='ltr'>codd.</span> 
     </span>
     <span class='ocr_line' id='line_1_38' title="bbox 302 3578 1910 3666; baseline 0.001 -24"><span class='ocrx_word' id='word_1_412' title='bbox 302 3578 587 3663; x_wconf 86' lang='lat' dir='ltr'>Tedigniloquides</span> <span class='ocrx_word' id='word_1_413' title='bbox 618 3580 965 3666; x_wconf 86' lang='lat' dir='ltr'>,Deinwiirdigredner‘</span> <span class='ocrx_word' id='word_1_414' title='bbox 1021 3590 1173 3661; x_wconf 86' lang='lat' dir='ltr'>raestent,</span> <span class='ocrx_word' id='word_1_415' title='bbox 1206 3580 1369 3659; x_wconf 90' lang='lat' dir='ltr'>Palmerii,</span> <span class='ocrx_word' id='word_1_416' title='bbox 1403 3580 1722 3658; x_wconf 83' lang='lat' dir='ltr'>,Tetechnilocrides‘</span> <span class='ocrx_word' id='word_1_417' title='bbox 1750 3587 1784 3650; x_wconf 91' lang='lat' dir='ltr'>et</span> <span class='ocrx_word' id='word_1_418' title='bbox 1809 3579 1847 3645; x_wconf 82' lang='lat' dir='ltr'>Li</span> <span class='ocrx_word' id='word_1_419' title='bbox 1871 3581 1910 3644; x_wconf 92' lang='lat' dir='ltr'>sii</span> 
     </span>
     <span class='ocr_line' id='line_1_39' title="bbox 302 3602 1911 3751; baseline 0 -23"><span class='ocrx_word' id='word_1_420' title='bbox 302 3664 592 3748; x_wconf 84' lang='lat' dir='ltr'>,Techniloqnides‘</span> <span class='ocrx_word' id='word_1_421' title='bbox 613 3667 769 3733; x_wconf 88' lang='lat' dir='ltr'>lectiones</span> <span class='ocrx_word' id='word_1_422' title='bbox 784 3668 953 3751; x_wconf 88' lang='lat' dir='ltr'>etorigine</span> <span class='ocrx_word' id='word_1_423' title='bbox 966 3602 1069 3732; x_wconf 80' lang='lat' dir='ltr'>falsae</span> <span class='ocrx_word' id='word_1_424' title='bbox 1091 3675 1125 3732; x_wconf 89' lang='lat' dir='ltr'>et</span> <span class='ocrx_word' id='word_1_425' title='bbox 1138 3685 1399 3749; x_wconf 82' lang='lat' dir='ltr'>supervacaneae</span> <span class='ocrx_word' id='word_1_426' title='bbox 1414 3674 1501 3748; x_wconf 80' lang='lat' dir='ltr'>suut3</span> <span class='ocrx_word' id='word_1_427' title='bbox 1525 3675 1660 3749; x_wconf 84' lang='lat' dir='ltr'>sextum,</span> <span class='ocrx_word' id='word_1_428' title='bbox 1682 3665 1812 3751; x_wconf 90' lang='lat' dir='ltr'>quodB</span> <span class='ocrx_word' id='word_1_429' title='bbox 1858 3687 1911 3728; x_wconf 92' lang='lat' dir='ltr'>un·</span> 
     </span>
     <span class='ocr_line' id='line_1_40' title="bbox 301 3748 1911 3837; baseline -0.001 -22"><span class='ocrx_word' id='word_1_430' title='bbox 301 3751 380 3833; x_wconf 80' lang='lat' dir='ltr'>dea,</span> <span class='ocrx_word' id='word_1_431' title='bbox 402 3748 485 3816; x_wconf 83' lang='lat' dir='ltr'>ODZ</span> <span class='ocrx_word' id='word_1_432' title='bbox 506 3751 731 3837; x_wconf 75' lang='lat' dir='ltr'>Numdesexp,</span> <span class='ocrx_word' id='word_1_433' title='bbox 754 3751 968 3836; x_wconf 81' lang='lat' dir='ltr'>Gorssenus⁶)</span> <span class='ocrx_word' id='word_1_434' title='bbox 990 3773 1060 3818; x_wconf 91' lang='lat' dir='ltr'>cum</span> <span class='ocrx_word' id='word_1_435' title='bbox 1075 3753 1147 3817; x_wconf 92' lang='lat' dir='ltr'>edd.</span> <span class='ocrx_word' id='word_1_436' title='bbox 1164 3759 1242 3816; x_wconf 92' lang='lat' dir='ltr'>vett.</span> <span class='ocrx_word' id='word_1_437' title='bbox 1285 3752 1565 3836; x_wconf 84' lang='lat' dir='ltr'>Nummorumexp.</span> <span class='ocrx_word' id='word_1_438' title='bbox 1580 3754 1733 3837; x_wconf 88' lang='lat' dir='ltr'>scribunt,</span> <span class='ocrx_word' id='word_1_439' title='bbox 1758 3751 1911 3822; x_wconf 86' lang='lat' dir='ltr'>estNum·</span> 
     </span>
     <span class='ocr_line' id='line_1_41' title="bbox 301 3835 1910 3923; baseline 0.004 -23"><span class='ocrx_word' id='word_1_440' title='bbox 301 3837 602 3921; x_wconf 81' lang='lat' dir='ltr'>mosexpalponides</span> <span class='ocrx_word' id='word_1_441' title='bbox 614 3839 1092 3923; x_wconf 83' lang='lat' dir='ltr'>,Kreuzerausbugsirerasohn‘.</span> <span class='ocrx_word' id='word_1_442' title='bbox 1135 3837 1309 3922; x_wconf 84' lang='lat' dir='ltr'>Septimum</span> <span class='ocrx_word' id='word_1_443' title='bbox 1326 3846 1359 3902; x_wconf 90' lang='lat' dir='ltr'>et</span> <span class='ocrx_word' id='word_1_444' title='bbox 1373 3837 1466 3902; x_wconf 91' lang='lat' dir='ltr'>codd.</span> <span class='ocrx_word' id='word_1_445' title='bbox 1479 3845 1511 3902; x_wconf 88' lang='lat' dir='ltr'>et</span> <span class='ocrx_word' id='word_1_446' title='bbox 1524 3839 1596 3903; x_wconf 90' lang='lat' dir='ltr'>edd.</span> <span class='ocrx_word' id='word_1_447' title='bbox 1608 3848 1794 3908; x_wconf 87' lang='lat' dir='ltr'>constanter</span> <span class='ocrx_word' id='word_1_448' title='bbox 1806 3835 1910 3913; x_wconf 83' lang='lat' dir='ltr'>Quod·</span> 
     </span>
     <span class='ocr_line' id='line_1_42' title="bbox 300 3922 1911 4026; baseline 0.004 -39"><span class='ocrx_word' id='word_1_449' title='bbox 300 3922 556 4026; x_wconf 74' lang='lat' dir='ltr'>semelarripides</span> <span class='ocrx_word' id='word_1_450' title='bbox 577 3925 1049 4010; x_wconf 83' lang='lat' dir='ltr'>,Weseinmalergreiierssohn‘</span> <span class='ocrx_word' id='word_1_451' title='bbox 1071 3925 1235 4006; x_wconf 85' lang='lat' dir='ltr'>exhibent;</span> <span class='ocrx_word' id='word_1_452' title='bbox 1265 3931 1413 3989; x_wconf 86' lang='lat' dir='ltr'>octavum</span> <span class='ocrx_word' id='word_1_453' title='bbox 1440 3925 1472 3987; x_wconf 90' lang='lat' dir='ltr'>in</span> <span class='ocrx_word' id='word_1_454' title='bbox 1496 3925 1608 3990; x_wconf 83' lang='lat' dir='ltr'>arrides</span> <span class='ocrx_word' id='word_1_455' title='bbox 1630 3927 1776 3993; x_wconf 88' lang='lat' dir='ltr'>desinere</span> <span class='ocrx_word' id='word_1_456' title='bbox 1799 3941 1911 3986; x_wconf 71' lang='lat' dir='ltr'>versus</span> 
     </span>
     <span class='ocr_line' id='line_1_43' title="bbox 301 4007 1950 4100; baseline 0.005 -28"><span class='ocrx_word' id='word_1_457' title='bbox 301 4007 532 4091; x_wconf 90' lang='lat' dir='ltr'>praecedentes</span> <span class='ocrx_word' id='word_1_458' title='bbox 554 4011 712 4076; x_wconf 84' lang='lat' dir='ltr'>evincunt</span> <span class='ocrx_word' id='word_1_459' title='bbox 757 4012 864 4090; x_wconf 87' lang='lat' dir='ltr'>Quare</span> <span class='ocrx_word' id='word_1_460' title='bbox 877 4033 937 4096; x_wconf 95' lang='lat' dir='ltr'>pro</span> <span class='ocrx_word' id='word_1_461' title='bbox 952 4012 1045 4077; x_wconf 92' lang='lat' dir='ltr'>codd.</span> <span class='ocrx_word' id='word_1_462' title='bbox 1061 4009 1174 4076; x_wconf 81' lang='lat' dir='ltr'>BCDP</span> <span class='ocrx_word' id='word_1_463' title='bbox 1189 4009 1328 4074; x_wconf 90' lang='lat' dir='ltr'>lectione</span> <span class='ocrx_word' id='word_1_464' title='bbox 1342 4019 1494 4094; x_wconf 84' lang='lat' dir='ltr'>corrupte</span> <span class='ocrx_word' id='word_1_465' title='bbox 1510 4012 1799 4100; x_wconf 89' lang='lat' dir='ltr'>,Numquameripi.,</span> <span class='ocrx_word' id='word_1_466' title='bbox 1815 4027 1911 4090; x_wconf 66' lang='lat' dir='ltr'>quam</span> <span class='ocrx_word' id='word_1_467' title='bbox 1946 4045 1950 4055; x_wconf 91' lang='lat'>·</span> 
     </span>
     <span class='ocr_line' id='line_1_44' title="bbox 302 4094 1910 4182; baseline 0.004 -24"><span class='ocrx_word' id='word_1_468' title='bbox 302 4094 448 4160; x_wconf 89' lang='lat' dir='ltr'>certatim</span> <span class='ocrx_word' id='word_1_469' title='bbox 474 4102 676 4160; x_wconf 89' lang='lat' dir='ltr'>mutaverunt</span> <span class='ocrx_word' id='word_1_470' title='bbox 707 4097 740 4160; x_wconf 90' lang='lat' dir='ltr'>in</span> <span class='ocrx_word' id='word_1_471' title='bbox 766 4097 1200 4182; x_wconf 84' lang='lat' dir='ltr'>Numquamposteaeripides</span> <span class='ocrx_word' id='word_1_472' title='bbox 1225 4096 1375 4180; x_wconf 87' lang='lat' dir='ltr'>Pylades,</span> <span class='ocrx_word' id='word_1_473' title='bbox 1409 4095 1623 4180; x_wconf 81' lang='lat' dir='ltr'>Camerarius,</span> <span class='ocrx_word' id='word_1_474' title='bbox 1656 4100 1844 4174; x_wconf 71' lang='lat' dir='ltr'>conserus,</span> <span class='ocrx_word' id='word_1_475' title='bbox 1877 4095 1910 4158; x_wconf 86' lang='lat' dir='ltr'>in</span> 
     </span>
     <span class='ocr_line' id='line_1_45' title="bbox 301 4179 1913 4271; baseline 0.006 -27"><span class='ocrx_word' id='word_1_476' title='bbox 301 4179 619 4265; x_wconf 88' lang='lat' dir='ltr'>Numquameripides</span> <span class='ocrx_word' id='word_1_477' title='bbox 640 4189 755 4265; x_wconf 89' lang='lat' dir='ltr'>postea</span> <span class='ocrx_word' id='word_1_478' title='bbox 776 4185 921 4263; x_wconf 90' lang='lat' dir='ltr'>Bothius,</span> <span class='ocrx_word' id='word_1_479' title='bbox 942 4184 997 4248; x_wconf 90' lang='lat' dir='ltr'>all.</span> <span class='ocrx_word' id='word_1_480' title='bbox 1013 4184 1079 4265; x_wconf 88' lang='lat' dir='ltr'>all,</span> <span class='ocrx_word' id='word_1_481' title='bbox 1103 4184 1246 4267; x_wconf 83' lang='lat' dir='ltr'>Guyetus</span> <span class='ocrx_word' id='word_1_482' title='bbox 1268 4203 1378 4248; x_wconf 89' lang='lat' dir='ltr'>veram</span> <span class='ocrx_word' id='word_1_483' title='bbox 1391 4183 1527 4249; x_wconf 86' lang='lat' dir='ltr'>sormam</span> <span class='ocrx_word' id='word_1_484' title='bbox 1549 4189 1717 4271; x_wconf 86' lang='lat' dir='ltr'>proposuit</span> <span class='ocrx_word' id='word_1_485' title='bbox 1730 4188 1913 4271; x_wconf 75' lang='lat' dir='ltr'>Nunquam</span> 
     </span>
     <span class='ocr_line' id='line_1_46' title="bbox 302 4266 1073 4354; baseline 0.008 -26"><span class='ocrx_word' id='word_1_486' title='bbox 302 4267 570 4347; x_wconf 88' lang='lat' dir='ltr'>postreddonides</span> <span class='ocrx_word' id='word_1_487' title='bbox 591 4266 1073 4354; x_wconf 88' lang='lat' dir='ltr'>‚Niemalsviedergebensohn‘.</span> 
     </span>
     <span class='ocr_line' id='line_1_47' title="bbox 261 4348 1910 4439; baseline 0.007 -28"><span class='ocrx_word' id='word_1_488' title='bbox 261 4348 395 4416; x_wconf 84' lang='lat' dir='ltr'>Gallia.</span> <span class='ocrx_word' id='word_1_489' title='bbox 440 4353 528 4418; x_wconf 82' lang='lat' dir='ltr'>Trin.</span> <span class='ocrx_word' id='word_1_490' title='bbox 550 4353 623 4418; x_wconf 87' lang='grc'><strong>916.</strong></span> <span class='ocrx_word' id='word_1_491' title='bbox 645 4350 699 4416; x_wconf 83' lang='lat' dir='ltr'>Bc</span> <span class='ocrx_word' id='word_1_492' title='bbox 720 4351 881 4436; x_wconf 85' lang='lat' dir='ltr'>Callicias,</span> <span class='ocrx_word' id='word_1_493' title='bbox 903 4355 960 4420; x_wconf 72' lang='lat' dir='ltr'>Dr</span> <span class='ocrx_word' id='word_1_494' title='bbox 982 4354 1137 4435; x_wconf 82' lang='lat' dir='ltr'>Gallitias,</span> <span class='ocrx_word' id='word_1_495' title='bbox 1161 4356 1245 4420; x_wconf 91' lang='lat' dir='ltr'>unde</span> <span class='ocrx_word' id='word_1_496' title='bbox 1265 4355 1341 4420; x_wconf 90' lang='lat' dir='ltr'>lect.</span> <span class='ocrx_word' id='word_1_497' title='bbox 1365 4356 1451 4439; x_wconf 83' lang='lat' dir='ltr'>vulg.</span> <span class='ocrx_word' id='word_1_498' title='bbox 1474 4356 1635 4423; x_wconf 79' lang='lat' dir='ltr'>Gallicias.</span> <span class='ocrx_word' id='word_1_499' title='bbox 1675 4359 1764 4435; x_wconf 84' lang='lat' dir='ltr'>Quae</span> <span class='ocrx_word' id='word_1_500' title='bbox 1786 4357 1910 4425; x_wconf 76' lang='lat' dir='ltr'>formae</span> 
     </span>
     <span class='ocr_line' id='line_1_48' title="bbox 304 4441 1911 4525; baseline 0.008 -27"><span class='ocrx_word' id='word_1_501' title='bbox 304 4454 398 4517; x_wconf 92' lang='lat' dir='ltr'>quum</span> <span class='ocrx_word' id='word_1_502' title='bbox 409 4460 561 4521; x_wconf 88' lang='lat' dir='ltr'>graecum</span> <span class='ocrx_word' id='word_1_503' title='bbox 572 4458 763 4503; x_wconf 89' lang='lat' dir='ltr'>nomennon</span> <span class='ocrx_word' id='word_1_504' title='bbox 775 4443 961 4523; x_wconf 88' lang='lat' dir='ltr'>praebeant,</span> <span class='ocrx_word' id='word_1_505' title='bbox 981 4441 1109 4525; x_wconf 85' lang='lat' dir='ltr'>Guyeto</span> <span class='ocrx_word' id='word_1_506' title='bbox 1121 4448 1296 4524; x_wconf 90' lang='lat' dir='ltr'>praeeunte</span> <span class='ocrx_word' id='word_1_507' title='bbox 1306 4442 1511 4522; x_wconf 86' lang='lat' dir='ltr'>Ritschelins,</span> <span class='ocrx_word' id='word_1_508' title='bbox 1529 4442 1768 4524; x_wconf 76' lang='lat' dir='ltr'>Fleckeisenus,</span> <span class='ocrx_word' id='word_1_509' title='bbox 1781 4444 1911 4510; x_wconf 82' lang='lat' dir='ltr'>Brixius</span> 
     </span>
     <span class='ocr_line' id='line_1_49' title="bbox 302 4521 1911 4614; baseline 0.006 -30"><span class='ocrx_word' id='word_1_510' title='bbox 302 4521 460 4587; x_wconf 89' lang='lat' dir='ltr'>dederunt</span> <span class='ocrx_word' id='word_1_511' title='bbox 481 4524 633 4607; x_wconf 85' lang='lat' dir='ltr'>,Callias‘,</span> <span class='ocrx_word' id='word_1_512' title='bbox 654 4523 767 4589; x_wconf 90' lang='lat' dir='ltr'>melius</span> <span class='ocrx_word' id='word_1_513' title='bbox 788 4526 928 4611; x_wconf 82' lang='lat' dir='ltr'>,Oallia⁴;</span> <span class='ocrx_word' id='word_1_514' title='bbox 950 4547 1016 4592; x_wconf 91' lang='lat' dir='ltr'>non</span> <span class='ocrx_word' id='word_1_515' title='bbox 1035 4532 1124 4592; x_wconf 91' lang='lat' dir='ltr'>recte</span> <span class='ocrx_word' id='word_1_516' title='bbox 1148 4526 1349 4593; x_wconf 80' lang='lat' dir='ltr'>camerarius</span> <span class='ocrx_word' id='word_1_517' title='bbox 1371 4525 1545 4606; x_wconf 80' lang='lat' dir='ltr'>,Callicles‘</span> <span class='ocrx_word' id='word_1_518' title='bbox 1566 4528 1743 4611; x_wconf 90' lang='lat' dir='ltr'>proposuit,</span> <span class='ocrx_word' id='word_1_519' title='bbox 1767 4551 1861 4614; x_wconf 89' lang='lat' dir='ltr'>quum</span> <span class='ocrx_word' id='word_1_520' title='bbox 1876 4530 1911 4594; x_wconf 92' lang='lat' dir='ltr'>id</span> 
     </span>
    </p>
   </div>
   <div class='ocr_carea' id='block_1_3' title="bbox 261 4637 1980 4874">
    <p class='ocr_par' dir='ltr' id='par_1_3' title="bbox 261 4637 1980 4874">
     <span class='ocr_line' id='line_1_50' title="bbox 351 4637 1980 4733; baseline 0.008 -27"><span class='ocrx_word' id='word_1_521' title='bbox 351 4655 373 4724; x_wconf 88' lang='lat'>¹)</span> <span class='ocrx_word' id='word_1_522' title='bbox 390 4656 435 4707; x_wconf 83' lang='lat' dir='ltr'>eir.</span> <span class='ocrx_word' id='word_1_523' title='bbox 457 4658 514 4717; x_wconf 74' lang='lat' dir='ltr'>infr,</span> <span class='ocrx_word' id='word_1_524' title='bbox 559 4661 583 4728; x_wconf 80' lang='lat'>²)</span> <span class='ocrx_word' id='word_1_525' title='bbox 602 4659 673 4727; x_wconf 84' lang='lat' dir='ltr'>l’spe</span> <span class='ocrx_word' id='word_1_526' title='bbox 686 4657 762 4712; x_wconf 79' lang='lat' dir='ltr'>Reus.</span> <span class='ocrx_word' id='word_1_527' title='bbox 775 4676 800 4727; x_wconf 86' lang='lat' dir='ltr'>p.</span> <span class='ocrx_word' id='word_1_528' title='bbox 814 4658 913 4724; x_wconf 79' lang='lat' dir='ltr'>xxxii,</span> <span class='ocrx_word' id='word_1_529' title='bbox 925 4660 996 4712; x_wconf 82' lang='lat' dir='ltr'>Fick.</span> <span class='ocrx_word' id='word_1_530' title='bbox 1008 4680 1033 4729; x_wconf 83' lang='lat' dir='ltr'>p,</span> <span class='ocrx_word' id='word_1_531' title='bbox 1047 4663 1119 4715; x_wconf 80' lang='lat' dir='ltr'>XLV!</span> <span class='ocrx_word' id='word_1_532' title='bbox 1131 4680 1187 4732; x_wconf 85' lang='lat' dir='ltr'>sqq.</span> <span class='ocrx_word' id='word_1_533' title='bbox 1225 4665 1249 4731; x_wconf 61' lang='grc' dir='ltr'>θ)</span> <span class='ocrx_word' id='word_1_534' title='bbox 1269 4661 1729 4722; x_wconf 75' lang='lat' dir='ltr'>cie..tu.xm,12,Suet‚rit.38.</span> <span class='ocrx_word' id='word_1_535' title='bbox 1766 4666 1791 4733; x_wconf 82' lang='lat'>⁴)</span> <span class='ocrx_word' id='word_1_536' title='bbox 1806 4666 1909 4718; x_wconf 79' lang='lat' dir='ltr'>baboel</span> <span class='ocrx_word' id='word_1_537' title='bbox 1973 4637 1980 4647; x_wconf 31' lang='grc' dir='ltr'>ι</span> 
     </span>
     <span class='ocr_line' id='line_1_51' title="bbox 261 4725 1909 4843; baseline 0.007 -68"><span class='ocrx_word' id='word_1_538' title='bbox 261 4725 350 4843; x_wconf 53' lang='lat' dir='ltr'>*lm</span> <span class='ocrx_word' id='word_1_539' title='bbox 369 4725 443 4807; x_wconf 31' lang='grc'><strong>880..</strong></span> <span class='ocrx_word' id='word_1_540' title='bbox 465 4725 764 4811; x_wconf 67' lang='lat' dir='ltr'>‘lhrclrideruides⁸</span> <span class='ocrx_word' id='word_1_541' title='bbox 789 4730 981 4810; x_wconf 77' lang='lat' dir='ltr'>Autsmyuides,</span> <span class='ocrx_word' id='word_1_542' title='bbox 1007 4733 1163 4814; x_wconf 81' lang='lat' dir='ltr'>Apoecides,</span> <span class='ocrx_word' id='word_1_543' title='bbox 1189 4731 1437 4814; x_wconf 56' lang='lat' dir='ltr'>Bumbomachides,</span> <span class='ocrx_word' id='word_1_544' title='bbox 1455 4729 1726 4814; x_wconf 76' lang='lat' dir='ltr'>Callidemides,</span> <span class='ocrx_word' id='word_1_545' title='bbox 1750 4733 1909 4818; x_wconf 77' lang='lat' dir='ltr'>Charmides,</span> 
     </span>
     <span class='ocr_line' id='line_1_52' title="bbox 261 4793 1911 4874; baseline 0.007 -30"><span class='ocrx_word' id='word_1_546' title='bbox 261 4793 620 4861; x_wconf 77' lang='lat' dir='ltr'>Cytomestorrdysurcbrdee,</span> <span class='ocrx_word' id='word_1_547' title='bbox 644 4799 796 4865; x_wconf 80' lang='lat' dir='ltr'>Lyconides,</span> <span class='ocrx_word' id='word_1_548' title='bbox 821 4799 953 4863; x_wconf 67' lang='lat' dir='ltr'>leonida,</span> <span class='ocrx_word' id='word_1_549' title='bbox 969 4800 1155 4869; x_wconf 72' lang='lat' dir='ltr'>Megaronides,</span> <span class='ocrx_word' id='word_1_550' title='bbox 1183 4801 1373 4868; x_wconf 82' lang='lat' dir='ltr'>llrssrgyrrdes,</span> <span class='ocrx_word' id='word_1_551' title='bbox 1393 4800 1550 4863; x_wconf 77' lang='lat' dir='ltr'>Philonides,</span> <span class='ocrx_word' id='word_1_552' title='bbox 1580 4800 1911 4874; x_wconf 73' lang='lat' dir='ltr'>Polymachaeroplagides,</span> 
     </span>
    </p>
   </div>
   <div class='ocr_carea' id='block_1_4' title="bbox 261 4861 1907 5001">
    <p class='ocr_par' dir='ltr' id='par_1_4' title="bbox 261 4861 1907 5001">
     <span class='ocr_line' id='line_1_53' title="bbox 261 4861 1907 5001; baseline 0.009 -88"><span class='ocrx_word' id='word_1_553' title='bbox 261 4861 509 5000; x_wconf 30' lang='lat' dir='ltr'>&amp;aucupia-gugada?</span> <span class='ocrx_word' id='word_1_554' title='bbox 527 4866 743 5001; x_wconf 56' lang='grc' dir='ltr'>Ρῑὴὲἷιέιορίἀοι,</span> <span class='ocrx_word' id='word_1_555' title='bbox 762 4868 944 4932; x_wconf 80' lang='lat' dir='ltr'>Timarchides,</span> <span class='ocrx_word' id='word_1_556' title='bbox 970 4869 1394 4934; x_wconf 79' lang='lat' dir='ltr'>Thesaurochryronicocroesidea</span> <span class='ocrx_word' id='word_1_557' title='bbox 1420 4899 1451 4909; x_wconf 92' lang='lat'><em>-</em></span> <span class='ocrx_word' id='word_1_558' title='bbox 1476 4871 1588 4936; x_wconf 82' lang='lat' dir='ltr'>Archid,</span> <span class='ocrx_word' id='word_1_559' title='bbox 1612 4871 1710 4936; x_wconf 76' lang='lat' dir='ltr'>Gallid,</span> <span class='ocrx_word' id='word_1_560' title='bbox 1737 4874 1907 4927; x_wconf 81' lang='lat' dir='ltr'>Archonidas.</span> 
     </span>
    </p>
   </div>
   <div class='ocr_carea' id='block_1_5' title="bbox 0 0 2184 5812">
    <p class='ocr_par' dir='ltr' id='par_1_5' title="bbox 0 0 2184 5812">
     <span class='ocr_line' id='line_1_54' title="bbox 0 0 2184 5812; baseline 0 0"><span class='ocrx_word' id='word_1_561' title='bbox 0 0 2184 5812; x_wconf 95' lang='lat' dir='ltr'> </span> 
     </span>
    </p>
   </div>
  </div>
 </body>
</html>
